2117 3032
362 145 399 173 94
1077 140 1256 167 ioRDAms

226 236 335 267 XXVI
358 237 389 267 in
413 236 498 267 bello
521 237 624 276 magis
648 246 741 276 quam
764 236 796 266 in
821 235 903 265 fame
928 234 1074 269 deficere„
1102 237 1133 265 et
1156 234 1228 265 ilico
1252 235 1284 265 in
1308 234 1422 265 ducum
1443 235 1588 275 Lupicini
1612 239 1643 266 et
1662 235 1792 267 Maximi
1815 241 1977 267 armantur

355 287 560 318 occisionel.
616 287 672 318 illa
702 296 837 325 namque
870 285 938 316 dies
963 285 1135 316 Gothorum
1167 284 1283 316 famem
1307 286 1579 326 Romanorumque
1611 286 1813 318 securitatem
1843 287 1972 325 ademit.

357 342 591 379 coeperuntque
616 337 711 368 Gothi
734 337 796 368 iam
821 346 881 367 non
907 340 940 366 ut
963 336 1107 366 advenae
1132 339 1162 366 et
1184 336 1361 376 peregrini,
1398 337 1454 368 sed
1485 340 1518 368 ut
1541 337 1628 368 cives
1653 341 1683 368 et
1707 337 1825 368 domini
1849 348 1977 378 posses-

356 389 478 420 soribus
509 389 665 429 imperare
696 392 841 427 totasque
873 390 979 427 partes
1009 387 1272 427 septentrionales
1296 397 1396 427 usque
1419 388 1459 419 ad
1485 388 1665 419 Danubium
1691 398 1746 419 suo
1769 389 1831 419 iuri
1854 393 1971 420 tenere.

274 441 332 471 138
357 440 439 481 quod
470 440 656 480 conperiens
686 439 718 470 iu
743 438 911 469 Antiochia
936 438 1054 468 Valens
1085 438 1257 478 imperator
1287 448 1360 469 mox
1391 444 1511 470 armato
1542 440 1681 470 exercitu
1712 440 1744 470 in
1768 439 1975 471 Thraciarum
1997 450 2009 468 ·‚

355 495 462 532 partes
486 490 667 530 egreditur‘2
691 501 696 520 :
726 490 777 520 ubi
802 488 998 519 lacrimabile
1022 489 1107 520 bello
1133 489 1299 520 commisso
1323 489 1522 522 vincentibus
1539 490 1652 522 Gothis
1675 491 1707 521 in
1731 490 1868 530 quodam
1884 501 1976 531 prae-

357 543 408 573 dio
432 542 520 572 iuxta
544 541 805 581 Adrianop‹1›lim³z
850 539 976 570 saucius
1008 540 1076 580 ipse
1109 539 1270 580 refugiens
1301 540 1600 581 ignorantibusque.
1637 541 1721 581 quod
1748 542 1919 582 imperator
1944 542 1976 573 in

356 597 421 624 tam
445 593 501 623 vili
525 593 635 623 casula
660 591 861 622 delitisceret.
892 590 1014 623 Gothis.
1044 590 1224 631 ignemque.
1253 595 1285 622 ut
1309 591 1433 622 adsolet
1457 592 1620 623 saeviente
1635 593 1773 631 inimico,
1800 593 1973 634 supposito,

356 654 425 675 cum
450 643 551 683 regali
575 653 689 684 pompa
714 646 871 673 crematus
895 644 964 673 est⁴
993 668 998 674 .
1033 642 1110 673 haut
1141 652 1233 673 secus
1265 652 1358 682 quam
1383 643 1434 674 dei
1458 653 1586 684 prorsus
1609 643 1742 675 iudicio.
1778 648 1813 674 ut
1835 643 1875 674 ab
1899 644 1977 684 ipsis

355 695 422 735 igni
447 695 687 725 crmbureretur.
716 703 793 733 quos
816 693 887 733 11150
911 703 987 724 vera
1012 693 1074 724 tide
1098 693 1279 734 petentibus
1303 694 1334 724 in
1357 694 1491 735 perfidia
1516 694 1709 726 declinasset
1730 695 1901 735 ignemque
1924 704 1978 725 ca—
1998 705 2026 723 10

357 746 458 777 litatis
488 745 528 776 ad
560 745 726 785 gehennae
750 745 855 784 ignem
880 744 1066 776 detorsisset
1076 746 1111 783 ⁵22.
1160 755 1221 784 quo
1244 749 1384 786 tempore
1409 745 1611 785 Vesegothae
1635 745 1790 777 Thracias
1813 745 1976 785 Daciaque

357 797 484 838 ripense
509 800 578 837 post
604 796 683 827 tanti
707 795 808 835 gloria
832 795 955 836 tropaei
979 800 1141 834 tamquam
1165 796 1266 827 solun]
1291 797 1463 836 genitalem
1487 796 1577 837 potiti
1601 802 1773 837 coeperunt
1794 797 1944 828 incolere.

149 849 275 880 XXVII
294 851 352 879 1:39
441 847 505 878 Sed
522 847 701 878 Τ1100110510
718 847 757 877 ab
775 846 895 887 Spania
913 846 1084 878 Gratianus
1108 847 1280 887 imperator
1303 847 1403 879 electo
1428 852 1459 878 ct
1481 847 1513 878 in
1537 847 1683 879 orientali
1707 848 1886 889 principatu
1908 848 1976 880 loco

356 899 499 930 Valentis
533 897 637 939 patrui
673 897 860 937 subrogato.
901 897 1133 937 militaremque
1168 897 1370 938 disciplinam
1402 908 1474 929 mox
1504 899 1537 929 in
1569 899 1691 930 meliori
1723 904 1806 930 statu
1837 899 1977 940 reposita

442 1088 466 1109 H
480 1087 499 1109 P
517 1088 534 1108 l*
547 1087 565 1109 L
581 1088 601 1108 A
616 1087 633 1109 S
651 1086 713 1115 [finit
730 1086 755 1109 ll
773 1087 925 1113 detorsisset]
946 1086 966 1108 O
980 1087 1000 1108 B
1014 1087 1035 1108 A*
1052 1087 1133 1109 ¹1⁷2.

444 1164 452 1186 1
474 1164 601 1186 inductum
622 1163 643 1185 B
750 1164 887 1193 lupicinum
911 1163 939 1191 O,
961 1163 1059 1193 lipicini
1078 1163 1113 1185 13¹¹
1220 1167 1244 1186 et
1264 1162 1376 1195 maximi]
1396 1165 1546 1193 maximique
1560 1166 1581 1186 A
1687 1164 1700 1187 2
1720 1163 1852 1197 occisione]
1872 1165 1975 1195 HPVL,

355 1208 499 1230 occisionem
520 1208 541 1229 A
550 1207 572 1230 Υ.
603 1207 728 1228 occasione
748 1206 798 1229 80.
829 1207 981 1229 ocvasionem
1002 1206 1047 1228 ΒΧ
1184 1207 1220 1228 1111
1241 1206 1263 1228 Χ
1401 1213 1605 1236 romanarumque
1625 1207 1647 1229 X
1786 1207 1825 1230 ad.
1850 1214 1928 1230 secur.
1956 1209 1977 1230 A

355 1252 368 1273 3
389 1257 435 1272 non
457 1252 502 1272 iam
523 1251 544 1271 :l
676 1253 703 1271 ut
722 1256 767 1271 orn.
793 1249 813 1271 Ο
945 1250 1068 1278 peregrini
1089 1247 1143 1280 sed]
1162 1250 1299 1278 peregrinis
1319 1251 1339 1272 A
1471 1250 1485 1272 4
1506 1250 1535 1272 ad
1556 1250 1659 1272 nubium
1679 1249 1713 1271 B¹¹
1846 1257 1905 1273 suae
1923 1251 1943 1273 L

354 1291 413 1324 iuri]
435 1292 509 1321 HPL,
531 1293 585 1314 iure
604 1292 646 1313 rel.
756 1292 769 1314 5
790 1291 930 1314 anthiochia
950 1291 977 1318 P,
1000 1292 1122 1314 anthiocia
1141 1292 1184 1315 SO
1296 1292 1310 1315 41
1331 1292 1468 1321 regreditur
1488 1294 1518 1315 A.
1540 1292 1679 1320 digreditur
1698 1292 1762 1315 SOB
1866 1293 1977 1316 lacrima-

354 1334 413 1367 bile]
434 1335 512 1359 JIPV,
534 1335 677 1357 lacrimabili
698 1334 859 1356 LASOBXY
978 1336 1002 1357 in
1024 1335 1128 1364 quodam
1149 1333 1260 1366 praedio]
1279 1336 1304 1357 in
1324 1335 1445 1364 quoddam
1466 1336 1594 1364 praedium
1614 1336 1643 1358 A.
1667 1342 1712 1358 om.
1732 1335 1751 1357 L
1876 1335 1889 1357 7
1910 1343 1975 1359 saue.

353 1380 368 1401 1.
392 1379 442 1406 sug.
465 1379 536 1400 iuxta
555 1378 607 1400 adr.
629 1377 648 1399 L
756 1375 895 1408 refugiens]
915 1376 1006 1399 SOBX
1015 1378 1036 1401 Υ,
1060 1378 1156 1406 fugiens
1176 1377 1292 1400 HPt‘LA
1398 1376 1457 1409 que]
1477 1385 1574 1407 quoque
1594 1377 1666 1402 SOB.
1689 1385 1734 1401 orn.
1752 1380 1773 1400 A
1782 1378 1800 1400 Υ
1914 1379 1978 1408 quod

353 1428 398 1443 orn.
416 1420 450 1442 1³¹¹
556 1421 688 1449 imperator
706 1427 753 1443 0111,
770 1420 788 1442 J.
896 1420 910 1443 δ
930 1418 1094 1452 delitisceret]
1115 1420 1235 1444 HPVSO.
1257 1421 1416 1443 delitesceret
1436 1422 1479 1444 rel.
1587 1422 1694 1450 igneque
1708 1421 1784 1446 RXY,
1807 1422 1909 1451 ignique
1923 1422 1944 1444 A

354 1466 381 1485 ut
400 1469 446 1485 om.
469 1463 489 1485 Ο
612 1461 694 1494 inim]
715 1464 744 1485 ab
765 1464 832 1486 inim.
856 1464 877 1485 A
1000 1464 1156 1493 superposito
1176 1463 1196 1485 L
1328 1463 1342 1485 9
1363 1464 1444 1492 regale
1464 1464 1505 1486 SO
1629 1463 1690 1486 haut
1709 1462 1790 1495 secus]
1809 1464 1839 1486 ad
1859 1471 1930 1487 secus
1950 1464 1975 1492 S.

353 1514 398 1528 0111,
417 1506 436 1527 Ο
542 1504 626 1537 quani]
647 1505 752 1535 quodam
772 1505 789 1527 S
895 1513 999 1536 prursus
1019 1505 1046 1529 P.
1069 1512 1167 1535 prossus
1189 1506 1209 1528 0
1315 1504 1354 1537 ut]
1374 1510 1415 1528 aut
1433 1507 1451 1527 l*
1559 1506 1588 1529 10
1608 1507 1664 1535 igne
1679 1506 1744 1529 SOB
1849 1514 1910 1536 quas
1930 1507 1948 1529 S

354 1555 412 1571 uera
432 1546 489 1580 fide]
511 1549 610 1577 HPVL⁷
634 1555 716 1571 ueram
737 1549 809 1571 tidem
830 1548 968 1571 ASOBXY
1094 1552 1207 1578 petentes
1228 1548 1274 1570 AB
1406 1547 1520 1580 perfidia]
1539 1549 1640 1578 HFVL,
1663 1550 1789 1578 perfidiam
1810 1549 1950 1572 ASOBXY

353 1591 500 1614 declinasset
519 1598 566 1614 0111,
589 1591 608 1613 L
726 1589 870 1622 ignemque]
890 1592 1037 1620 igenemque
1059 1591 1086 1621 L,
1110 1592 1190 1620 ignem
1212 1591 1260 1613 SO.
1284 1594 1307 1613 et
1327 1592 1409 1620 ignem
1430 1592 1451 1613 R
1571 1591 1596 1614 11
1619 1592 1762 1615 detorrisset
1783 1592 1803 1615 Ο
1908 1600 1980 1616 neso-

354 1635 424 1660 001110
445 1634 473 1658 L,
495 1635 616 1663 uegothae
638 1634 658 1656 Ο
789 1635 927 1663 traciasque
946 1634 998 1663 LO,
1023 1634 1139 1656 thraciam
1160 1635 1179 1656 A
1311 1634 1428 1663 daciaque
1448 1633 1559 1666 ripense]
1579 1635 1657 1658 HPV.
1679 1635 1808 1664 daciasque
1828 1635 1927 1664 ripense
1947 1635 1977 1662 L,

353 1677 495 1705 daciamque
518 1677 657 1707 (datamque
679 1678 705 1705 O¹
730 1679 855 1707 ripensem
875 1677 997 1699 AOBXY
1119 1676 1147 1700 12
1165 1680 1220 1706 post
1240 1678 1338 1706 ripense
1359 1679 1404 1700 ins.
1427 1678 1497 1707 potiti
1517 1684 1560 1700 suo
1579 1678 1630 1700 1000
1650 1684 1695 1700 om.
1719 1678 1738 1700 L
1860 1684 1903 1707 pos
1925 1678 1945 1700 O

354 1723 447 1742 tantam
467 1720 490 1742 X
604 1718 691 1752 gloria]
712 1720 791 1743 HPV.
813 1721 914 1749 gloriam
934 1719 1077 1742 LAOBA'Y
1190 1718 1295 1751 tropaei]
1315 1720 1433 1749 triumphi
1454 1721 1503 1742 AY
1621 1721 1671 1743 solo
1690 1721 1793 1749 genitali
1815 1721 1912 1750 OBXY,
1935 1721 1979 1743 soli

354 1763 454 1790 genitali
476 1763 495 1784 A
621 1763 649 1785 13
670 1763 825 1786 theodosium
846 1762 874 1784 B.
898 1763 1020 1785 thensium
1043 1763 1063 1784 O
1185 1763 1215 1785 ab
1235 1763 1322 1791 spania
1346 1763 1467 1792 [hispania
1485 1763 1565 1791 Bm<
1591 1770 1638 1786 om.
1661 1765 1682 1786 A
1804 1764 1913 1792 gratiano
1931 1764 1978 1786 im-

354 1808 464 1834 peratore
484 1805 536 1829 XZ.
560 1813 572 1828 a
591 1807 703 1834 graciano
723 1807 868 1835 imperatore
895 1805 917 1830 Y.
940 1813 952 1827 a
973 1806 1084 1833 graciano
1104 1806 1123 1827 A
1230 1806 1336 1828 elevtum
1349 1805 1379 1831 R,
1402 1806 1502 1828 elictum
1519 1806 1538 1827 O
1644 1810 1668 1829 et
1686 1813 1732 1829 om.
1751 1806 1795 1829 OB
1900 1807 1980 1829 orien-

353 1848 427 1870 talem
447 1849 616 1877 principatum
636 1849 657 1871 A
806 1847 835 1871 14
856 1849 966 1876 subrogit
988 1848 1015 1873 O,
1046 1848 1159 1876 subrogat
1179 1848 1208 1875 B,
1237 1848 1394 1876 subrogatum
1415 1849 1434 1870 A
1576 1849 1728 1878 militarique
1748 1849 1879 1878 disciplina
1898 1849 1944 1871 AB

354 1892 380 1913 in
399 1891 493 1913 meliori
513 1889 590 1922 statu]
610 1891 760 1913 humiliatori
781 1894 862 1913 statue
884 1891 913 1913 0.
935 1891 960 1912 in
980 1891 1106 1913 meliorem
1127 1894 1217 1912 statum
1237 1892 1258 1912 A
1364 1891 1496 1919 repositam
1517 1891 1585 1913 XI'Z

444 2043 464 2065 1*
487 2045 634 2067 Ammianus
653 2046 695 2069 31.
719 2046 742 2071 5,
765 2047 795 2068 5:
827 2046 934 2068 Alavivo
954 2049 977 2068 et
997 2045 1135 2068 Fritigerno
1155 2045 1183 2067 ad
1204 2046 1345 2068 convivium
1365 2046 1501 2073 conrogatis
1521 2046 1658 2074 Lupicinus
1681 2063 1685 2068 .
1703 2064 1706 2067 .
1727 2065 1730 2068 ,
1748 2065 1751 2068 .
1774 2046 1789 2067 6
1809 2045 1867 2068 dum
1887 2046 1914 2068 in
1933 2053 1978 2068 ne—

355 2086 430 2114 potali
450 2093 535 2109 mensa
554 2087 656 2109 ludicris
676 2089 883 2117 concrepantibus
902 2088 945 2110 diu
965 2088 1125 2110 discumbens
1145 2090 1200 2110 vino
1220 2088 1341 2110 marcebat
1362 2092 1387 2110 et
1407 2094 1504 2115 somno,
1529 2105 1533 2110 .
1551 2105 1557 2111 .
1575 2105 1580 2111 .
1603 2088 1722 2110 satellites
1743 2094 1842 2111 omnes.
1870 2089 1914 2117 qui
1935 2095 1978 2117 pro

355 2129 475 2156 praetorio
495 2129 593 2152 lionoris
613 2133 637 2152 et
657 2131 750 2153 tutelae
769 2138 840 2153 causa
859 2131 934 2153 duces
953 2130 1174 2159 praestolabantur.
1197 2130 1295 2153 occidit.
1337 2132 1366 2152 T:
1386 2131 1481 2159 hocque
1501 2131 1607 2160 populus
1627 2131 1670 2160 qui
1691 2137 1772 2153 muros
1792 2131 1920 2154 obsidebat
1937 2131 1978 2154 do-

355 2170 434 2193 lenter
453 2175 552 2200 accepto
572 2173 599 2194 ad
620 2173 753 2195 vindictam
774 2173 931 2196 detentorum
952 2180 1037 2201 regum
1058 2191 1062 2196 .
1082 2191 1086 2195 .
1104 2191 1109 2196 .
1131 2173 1208 2196 multa
1228 2173 1370 2195 minabatur
1389 2176 1414 2195 et
1433 2180 1512 2196 saeva.
1552 2176 1630 2202 utque
1655 2176 1706 2195 erat
1725 2173 1880 2202 Fritigernus
1902 2180 1979 2203 expe-

356 2213 402 2234 diti
422 2214 529 2238 consilii.
552 2216 646 2237 veritus
666 2222 696 2237 ne
716 2219 844 2238 teneretur
863 2216 958 2238 obsidis
978 2217 1030 2238 vice
1050 2223 1104 2238 cum
1125 2216 1221 2239 ceteris
1244 2216 1391 2238 exclamavit
1410 2216 1520 2244 graviore
1539 2215 1701 2245 pugnandum
1720 2216 1806 2243 exitio.
1829 2217 1856 2238 ni
1874 2216 1930 2246 ipse
1949 2216 1977 2239 ad

355 2255 499 2278 leniendum
526 2257 612 2286 vulgus
637 2258 762 2280 sineretur
787 2259 855 2281 exire
881 2265 936 2281 cum
963 2260 1050 2287 sociis,
1078 2258 1143 2287 qnod
1168 2259 1315 2281 arbitratum
1342 2259 1506 2281 humanitatis
1533 2259 1615 2288 specie
1635 2258 1748 2281 ductores
1767 2265 1824 2281 suos
1843 2258 1933 2281 occisos
1952 2259 1979 2281 in

356 2298 491 2320 tumultum
511 2300 611 2322 exarsit.
643 2300 736 2329 hocque
756 2302 880 2330 inpetrato
900 2302 991 2329 egressi
1011 2308 1096 2324 omnes
1116 2302 1265 2330 ex=eptique
1285 2308 1340 2324 cum
1360 2302 1450 2330 plausu
1470 2304 1494 2324 et
1513 2301 1613 2330 gaudiis
1632 2302 1741 2324 ascensis
1760 2302 1831 2330 equis
1849 2301 1979 2324 evolarunt

360 2341 449 2362 moturi
468 2342 627 2364 incitamenta
647 2343 797 2366 diversorum
817 2345 945 2367 bellorum.

442 2382 464 2411 ⁴2)
488 2384 633 2407 Ammianus
651 2386 691 2408 31.
717 2388 756 2408 11.
782 2389 809 2408 1:
831 2388 923 2409 Valens
943 2387 1043 2410 tandem
1064 2388 1162 2409 excitus
1181 2387 1313 2409 Antiochia
1335 2405 1339 2409 .
1357 2404 1363 2409 .
1380 2404 1385 2409 .
1408 2387 1476 2408 venit
1495 2386 1747 2416 Constantinopolim.

441 2426 463 2449 3]
487 2427 632 2449 Ammianus
652 2430 691 2451 31.
718 2430 755 2452 IL’.
779 2432 826 2451 Η).-
852 2431 923 2458 signa
943 2448 947 2452 .
966 2447 971 2452 .
989 2449 993 2452 .
1017 2433 1201 2452 commoventur
1226 2430 1414 2458 impedimentis
1434 2433 1458 2451 et
1478 2429 1581 2451 sarcinis
1601 2435 1674 2458 prope
1694 2429 1902 2458 Hadrianopoleos
1921 2436 1976 2452 mu-

356 2474 394 2490 ros
417 2485 421 2490 .
440 2486 444 2490 .
463 2486 467 2490 .
490 2469 628 2492 conlocatis.

441 2510 464 2539 4)
493 2511 570 2533 Victor
588 2514 643 2540 epit.
666 2514 713 2534 Μ.-
735 2513 771 2535 hic
789 2514 879 2536 Valens
898 2521 952 2536 cum
973 2514 1062 2537 Gothis
1082 2515 1231 2537 lacrimabili
1251 2515 1314 2537 bello
1333 2515 1460 2537 commisso
1480 2515 1578 2542 sagittis
1598 2514 1697 2536 saucius
1716 2515 1743 2536 in
1763 2521 1817 2536 casa
1836 2514 1978 2543 deportatur

358 2553 490 2577 vilissima,
521 2555 562 2575 ubi
589 2556 822 2583 supervenientilms
843 2556 929 2579 Gothis
949 2558 1056 2586 igneque
1076 2558 1204 2587 supposito
1223 2558 1340 2580 incendio
1359 2560 1526 2580 concrematus
1546 2559 1592 2579 est.
1630 2556 1664 2584 cs.
1687 2557 1853 2586 Hieronymus
1872 2564 1895 2579 α.
1916 2557 1974 2580 Abr.

357 2596 434 2618 9395.
469 2596 570 2618 Oro-sius
588 2598 607 2620 Γ,
624 2598 666 2620 33.
684 2599 724 2620 15.
758 2599 903 2620 Ammianus
917 2600 958 2625 31,
977 2602 1015 2627 13,
1035 2601 1080 2622 12³:
1101 2601 1233 2629 imperator
1254 2618 1258 2623 .
1276 2619 1280 2623 .
1299 2618 1303 2622 .
1326 2600 1416 2628 sagitta
1435 2599 1572 2628 perniciose
1593 2599 1692 2621 saucius
1711 2600 1760 2621 ruit
1781 2617 1785 2621 .
1804 2617 1809 2622 .
1827 2617 1831 2622 .
1872 2601 1919 2622 14:
1939 2599 1978 2622 di-

356 2641 415 2660 cunt
435 2638 563 2660 Valentem
584 2657 587 2661 .
608 2658 611 2662 .
629 2657 633 2661 .
656 2646 710 2662 cum
731 2641 868 2663 candidatis
888 2646 912 2663 et
932 2642 1082 2671 spadonibus
1102 2644 1187 2671 paucis
1206 2649 1280 2672 prope
1300 2643 1328 2665 ad
1348 2646 1468 2671 agrestem
1488 2648 1567 2663 casam
1588 2641 1693 2664 relatum
1716 2660 1720 2664 .
1738 2660 1742 2664 .
1760 2660 1765 2665 .
1787 2642 1976 2665 circumsessum

356 2681 386 2702 ab
405 2680 526 2709 hostibus,
547 2682 589 2709 qui
612 2686 677 2704 esset
696 2683 872 2711 ignorantibus,
896 2684 1013 2706 dedecore
1034 2686 1185 2714 captivitatis
1205 2689 1358 2715 exemptum.

443 2723 464 2749 5]
490 2723 589 2745 Orosius
612 2725 638 2747 T.
660 2726 700 2748 33.
727 2727 754 2747 19
774 2729 825 2753 post
845 2726 917 2748 verbu
937 2734 1012 2755 supra
1030 2735 1054 2756 p.
1078 2729 1109 2750 92
1128 2731 1177 2750 not.
1201 2728 1215 2750 *2
1235 2729 1327 2751 allata:
1354 2729 1439 2757 itaque
1464 2728 1530 2749 iusto
1557 2726 1647 2749 iudicio
1673 2727 1712 2749 dei
1738 2727 1786 2756 ipsi
1811 2734 1867 2750 eum
1892 2727 1977 2750 vivum

357 2765 529 2791 incenderunt,
551 2767 593 2794 qui
615 2770 711 2795 propter
730 2774 786 2789 eum
807 2769 882 2790 etiam
902 2770 991 2791 mortui
1012 2770 1071 2792 vitio
1091 2772 1177 2793 erroris
1197 2771 1276 2793 arsuri
1297 2774 1362 2793 sunt⁴
1403 2770 1436 2798 cf.
1459 2769 1569 2792 Isidorus
1588 2770 1642 2792 hist.
1667 2769 1735 2791 Goth.
1757 2769 1789 2792 ad
1807 2776 1872 2792 eram
1891 2771 1948 2793 416.
