2034 3037
794 156 1022 182 PROOEMIVM.
1645 155 1717 186 XLI

99 270 236 301 ·titerint
265 280 304 300 ex
336 279 445 301 eorum
476 269 626 310 progenie
658 269 708 300 vel
740 269 793 309 qui
824 269 952 300 eruditi*
999 269 1062 299 cml.
1090 268 1141 299 vel
1166 278 1204 299 ex
1229 268 1342 308 quibus
1367 267 1505 305 eruditis
1544 267 1649 298 editus
1679 267 1719 298 ab

94 331 232 361 Vsenero
261 329 282 360 l.
309 340 356 360 c..
393 329 476 360 unde
508 329 568 360 huc
600 329 758 370 pertinent
788 334 945 360 extrema:
986 328 1212 360 ·Cassiodol·us
1244 331 1377 359 senator
1406 327 1454 358 vir
1484 327 1717 359 eruditissimus

97 394 145 421 ‘et
168 389 275 421 multis
300 389 509 430 dignitatibus
533 389 658 430 pollens
682 389 807 421 iuvenis
831 389 911 420 adeo
936 389 1010 420 dum
1035 388 1133 430 patris
1158 388 1343 420 Cassiodori
1367 387 1491 429 patricii
1515 392 1546 419 et
1566 387 1717 428 praefecti

97 450 265 491 *praetorii
297 450 496 481 consiliarius
526 449 615 481 fieret
646 454 676 481 et
704 449 816 481 laudes
840 449 1053 481 Theodorichi
1078 449 1163 489 regis
1187 448 1361 480 Gothorum
1386 447 1614 479 facundissime
1639 448 1720 479 reci—

97 513 232 549 ‘tasset,
268 510 308 541 ab
333 520 369 541 eo
393 514 542 550 quaestor
566 519 614 542 est
637 510 757 541 factus.
785 510 936 551 patricius
960 514 991 541 et
1015 509 1125 540 consul
1149 508 1343 547 ordinarius.
1379 507 1578 549 postmodum
1604 507 1718 539 dehinc

99 571 268 611 -magister
300 570 475 602 officiorum
506 575 537 602 et
567 570 760 612 praefuisset
799 581 859 601 scr.
884 572 950 610 scre
974 570 1075 611 praef.
1102 573 1201 610 praet.
1230 569 1393 610 suggessit
1430 568 1582 599 fornmlas
1607 568 1719 599 dictio-

101 640 209 663 ·1111111.
244 640 324 671 quas
354 631 385 661 in
416 640 464 662 XI]
489 631 577 662 libris
610 630 769 662 ordinavit
797 635 828 662 et
852 631 1010 661 variarum
1035 630 1160 662 titulum
1185 629 1400 671 superposuit.
1449 628 1574 670 scripsit
1597 628 1720 669 praeci—

101 692 226 733 ·piente
250 691 470 722 Theodoricho
494 701 568 732 rege
594 691 756 722 historiam
774 691 940 722 Gothicam
965 691 1119 731 originem
1145 694 1175 721 et
1198 690 1267 721 loca
1291 699 1395 721 mores
1418 689 1450 720 in
1489 699 1654 729 moresque
1671 698 1719 719 ΧΗ

97 753 251 782 ‘emcmlul
274 752 391 782 i'scucis
421 751 511 782 libris
527 751 747 783 annuntians'.
791 752 916 783 librmu.
945 751 1028 782 unde
1045 751 1124 783 haec
1140 754 1290 791 excerpta
1308 754 1390 780 sunt.
1418 749 1489 781 ideo
1506 749 1715 790 potissimum,

95 812 180 852 quod
204 812 389 853 Symmachi
412 816 443 843 et
466 811 590 843 Boethii
615 812 678 843 rita
704 812 746 843 ita
771 816 952 843 enarratur,
987 816 1021 843 ut
1050 811 1159 843 iudicii
1190 821 1297 842 eorum
1323 814 1354 842 et
1377 810 1463 841 exitii
1488 810 1607 841 mentio
1630 809 1717 840 nulla

94 873 159 906 fiat.
186 873 347 904 Vsenerus
371 872 533 904 contendit
556 882 587 903 a.
609 874 669 902 522
694 883 711 903 a
733 872 934 903 Cassiodorio
959 872 1111 914 scriptum
1135 882 1205 903 esse
1231 876 1261 903 et
1284 875 1450 912 propterea
1474 870 1635 902 historiam
1653 872 1719 901 (io-

92 933 216 965 thorum
245 936 319 964 ante
349 943 420 964 eum
450 943 567 964 annum
598 933 728 964 editam.
778 933 835 964 sed
866 933 899 964 id
930 937 963 964 ut
990 932 1090 974 perite
1115 933 1236 972 arguit.
1271 932 1315 963 ita
1338 942 1449 973 parum
1475 930 1715 962 demonstravit.

94 1004 167 1026 nam
192 1004 262 1025 cum
287 997 318 1025 et
340 994 539 1034 praefectura
564 993 716 1034 praetorii
740 1004 770 1024 a.
791 996 849 1023 5:34
876 993 992 1034 adepta
1017 1004 1078 1024 non
1102 993 1235 1024 obscure
1259 993 1302 1024 ibi
1327 996 1588 1024 commemoretur
1611 996 1642 1022 et
1662 1001 1718 1022 va-

93 1055 209 1086 riarum
233 1053 407 1095 publicatio
431 1064 456 1085 c.
484 1064 514 1084 a.
542 1055 602 1085 535
628 1054 728 1085 facta.
759 1054 834 1085 item
859 1054 891 1085 in
914 1054 984 1095 ipso
1008 1054 1162 1095 principio
1186 1053 1408 1085 Cassiodorius
1433 1056 1559 1094 praeter
1582 1052 1717 1083 honores

93 1116 276 1147 saeculares
299 1114 395 1146 etiam
423 1114 614 1146 *monachus
639 1124 749 1145 servus
773 1114 839 1145 dei'
873 1114 1011 1145 dicatur.
1046 1119 1190 1156 apertum
1215 1118 1262 1146 est
1287 1114 1344 1145 hoc
1368 1112 1639 1155 apospasmatium
1663 1116 1718 1143 aut

93 1185 261 1216 superesse
286 1185 325 1206 ex
350 1175 459 1206 libello
483 1178 553 1215 post
577 1174 771 1205 Cassiodorii
795 1175 1034 1206 conversionem
1059 1175 1142 1207 edito
1167 1179 1238 1207 aut.
1274 1175 1357 1215 quod
1386 1174 1489 1215 magis
1513 1173 1713 1205 crediderim

91 1235 317 1267 additamentis
340 1235 455 1266 alienis
479 1238 605 1266 auctum
631 1245 711 1266 esse.
761 1245 818 1266 nec
842 1235 995 1267 rationem
1020 1236 1115 1268 habet
1131 1236 1170 1267 de
1187 1236 1284 1267 variis
1302 1246 1382 1276 quae
1401 1235 1547 1266 dicuntur
1563 1233 1604 1265 ad
1621 1234 1717 1264 inter—

92 1297 265 1338 polatorem
296 1296 414 1328 referre
445 1300 475 1327 et
506 1295 563 1327 hoc
593 1295 773 1327 testimonio
805 1296 847 1326 uti
873 1297 914 1327 ad
939 1297 1089 1328 historiae
1113 1296 1269 1328 Gothicae
1293 1296 1463 1328 editionem
1489 1294 1713 1327 definiendam.

91 1367 108 1388 e
139 1356 294 1388 contrario
324 1360 358 1388 ut
388 1356 551 1398 probabile
583 1361 631 1388 est
662 1356 790 1387 iubente
814 1356 1012 1388 Theoderico
1044 1357 1207 1388 historiam
1238 1362 1381 1398 coeptam
1411 1366 1499 1388 csse.
1534 1356 1579 1387 ita
1611 1355 1717 1387 onmia

92 1417 228 1448 suadent
258 1417 375 1449 editam
407 1427 477 1448 ean]
509 1427 579 1448 esse
610 1417 693 1448 inter
715 1427 745 1448 a.
773 1418 851 1447 520.
886 1427 947 1456 quo
972 1417 1048 1448 obiit
1072 1417 1305 1456 Theodericus.
1340 1422 1370 1449 et
1393 1428 1422 1448 a.
1451 1418 1529 1447 5:33.
1561 1426 1621 1456 quo
1646 1425 1714 1446 eam

91 1481 314 1509 commemorat
338 1477 475 1519 epistula
499 1477 638 1509 auctoris
663 1487 758 1518 supra
783 1477 925 1509 recitata.
974 1478 1017 1509 ita
1049 1478 1132 1509 enim
1156 1483 1240 1509 recte
1264 1478 1458 1519 explicatur.
1494 1475 1716 1509 Cassiodorius

91 1542 174 1570 certe
205 1538 354 1569 laudibus
386 1538 451 1569 suis
481 1547 681 1578 netpiaquani
713 1537 859 1569 inridens
891 1548 945 1569 cur
975 1539 1126 1569 extremis
1157 1542 1279 1570 tantum
1309 1538 1406 1569 officii
1438 1537 1486 1568 sui
1521 1537 1613 1568 annis
1647 1536 1716 1567 eius

92 1599 196 1640 operis
219 1598 411 1630 mentionem
436 1598 563 1629 fecerit:
589 1598 664 1630 item
689 1597 772 1638 quod
796 1609 835 1630 ex
859 1598 928 1639 ipsa
954 1598 1085 1630 historia
1109 1599 1199 1630 citari
1223 1599 1349 1631 videtur
1372 1598 1540 1640 septimum
1558 1597 1715 1628 decimum

91 1669 224 1699 regnare
247 1658 481 1690 Athalaricum.
510 1659 582 1690 viro
606 1658 805 1690 Theoderico
829 1659 871 1690 ita
896 1659 990 1690 scribi
1015 1670 1075 1690 non
1100 1659 1220 1691 debuit.
1269 1659 1354 1699 quod
1378 1659 1404 1690 si
1426 1659 1471 1690 ita
1496 1657 1717 1690 Cassiodorius

91 1719 305 1751 narrationem
329 1718 431 1750 finivit
454 1719 554 1751 relato
580 1719 667 1751 obitu
692 1719 880 1751 Theoderici
906 1724 936 1751 et
960 1720 1160 1751 successione
1184 1720 1396 1752 Amalune-iffi
1421 1745 1426 1750 .
1462 1724 1545 1750 recte
1577 1717 1609 1749 id
1640 1727 1716 1748 con-

90 1780 176 1811 venit
200 1779 411 1811 Iordanianis.
460 1790 532 1811 nam
556 1790 617 1811 non
642 1780 742 1811 solum
767 1779 936 1811 admiratio
960 1781 1074 1811 summi
1091 1780 1292 1812 Theoderici.
1320 1790 1412 1820 quam
1439 1780 1558 1821 passim
1583 1788 1658 1820 prae
1682 1787 1716 1809 se

90 1840 204 1877 serunt.
232 1840 395 1880 ingenium
413 1840 558 1871 Iordanis
574 1840 669 1881 longe
694 1840 827 1872 excedit.
857 1841 974 1882 quippe
998 1841 1051 1881 qui
1075 1841 1143 1882 ipse
1169 1841 1249 1873 ultra
1274 1841 1379 1873 tenuis
1404 1840 1538 1872 hominis
1562 1839 1716 1870 adversus

90 1901 313 1942 imperatorem
344 1900 397 1941 qui
426 1911 508 1932 nunc
538 1905 586 1932 est
616 1901 791 1941 legitimam
824 1901 1022 1933 devotionem
1052 1912 1113 1933 111111
1144 1902 1302 1943 adspiret.
1338 1901 1394 1934 sed
1425 1901 1519 1932 etiam
1548 1900 1612 1932 stili
1637 1902 1716 1931 Cas-

91 1961 263 1992 siodoriani
287 1966 372 1992 certa
395 1961 514 1992 indicia
539 1965 671 1993 eatenus
696 1961 987 2002 deprehenduntur.
1035 1963 1078 1994 ita
1109 1963 1142 1993 in
1166 1963 1270 1994 verbis
1295 1973 1321 1994 c.
1348 1965 1398 1999 57.
1428 1964 1489 1993 2915
1525 1969 1714 2000 *numquam

94 2021 236 2053 ‘Gothus
259 2021 390 2053 Francis
413 2021 520 2059 cessit.
548 2021 622 2053 dum
646 2021 813 2053 adviveret
836 2022 1067 2054 'l'heodoricus'
1093 2023 1279 2055 nominativi
1304 2033 1394 2054 usum
1419 2027 1503 2054 recte
1527 2021 1715 2053 Schirrenus

91 2092 122 2123 p.
154 2084 184 2112 Η
214 2081 416 2113 Cassiodorio
439 2082 613 2114 vindicavit
625 2084 674 2113 ⁷⁰.
708 2101 750 2104 —
781 2082 974 2114 Cassiodorii
1006 2083 1117 2121 libros.
1153 2094 1213 2124 quo
1243 2087 1383 2125 tempore
1408 2083 1560 2114 Iordanes
1591 2080 1716 2121 scripsit

91 2142 202 2182 viginti
226 2142 309 2174 circa
332 2143 424 2174 annis
448 2146 518 2184 post
535 2143 773 2174 Cassiodorium
796 2143 865 2184 ipso
890 2143 1052 2175 etiamtum
1074 2144 1155 2183 vivo7
1183 2144 1321 2176 nondum
1345 2145 1441 2184 vulgo
1465 2152 1603 2185 sparsos
1631 2146 1714 2173 certe

90 2202 120 2233 in
144 2202 276 2242 regione
300 2213 338 2234 ea
361 2203 393 2234 111
417 2213 479 2243 qua
502 2203 691 2234 versabatur
709 2203 861 2235 Iordanes
885 2204 962 2235 alibi
986 2215 1046 2235 non
1071 2208 1211 2245 repertos
1235 2205 1275 2236 ab
1299 2205 1399 2246 ipsius
1424 2204 1561 2236 auctoris
1585 2203 1715 2244 dispen-

90 2264 237 2303 sator-eff„
267 2262 308 2294 ad
331 2263 530 2295 triduanam.
562 2263 588 2294 si
613 2263 734 2296 credis.
763 2264 928 2295 lectionem
954 2265 1014 2295 sibi
1038 2265 1235 2305 procuravit.
1263 2266 1331 2297 sine
1356 2265 1452 2296 dubio
1477 2263 1714 2296 excusationem

91 2323 151 2354 sibi
175 2333 292 2364 parans
315 2323 470 2355 adversus
494 2333 558 2355 eos.
586 2334 664 2364 quos
688 2325 897 2365 praevidebat
919 2330 1087 2365 (messuros
1110 2336 1180 2357 esse
1205 2326 1243 2357 de
1268 2327 1448 2358 narratione
1468 2324 1716 2358 Cassiodoriana

179 2470 217 2500 75,
242 2470 367 2494 Vsenerus
388 2472 403 2493 l.
426 2478 447 2495 c.
468 2479 492 2501 p.
510 2471 539 2494 73
560 2479 616 2494 eum
636 2473 777 2495 substitisse
798 2473 904 2496 iudicat.
927 2474 945 2495 >i
967 2476 1031 2495 recte
1050 2474 1182 2502 intellego.
1208 2474 1236 2496 ad
1257 2475 1387 2497 introitum
1408 2474 1552 2496 Theoderici
1574 2473 1598 2494 iu
1620 2472 1714 2494 ltaliam

90 2521 112 2536 a.
134 2513 197 2543 489,
226 2518 354 2544 propterea
378 2516 442 2544 quod
464 2515 571 2538 Iordanis
597 2516 626 2538 de
650 2517 742 2545 pugnis
767 2516 830 2538 intr—r
850 2518 984 2539 ‹uloavruin
1011 2521 1035 2539 et
1057 2517 1234 2540 'l‘hcodcrivuui
1261 2518 1367 2540 narratio
1393 2518 1539 2540 affluitatem
1566 2516 1637 2538 hahet
1658 2522 1713 2536 oum

90 2556 212 2579 chronicis
231 2557 426 2580 Rauennatibus.
467 2558 509 2581 sed
534 2565 617 2581 earum
643 2566 780 2588 pugnarum
802 2560 966 2581 narrationem
993 2561 1161 2583 (⁴:i5siodorius
1187 2568 1217 2583 ex
1243 2561 1331 2583 iisdem
1357 2561 1477 2583 chronici>
1504 2560 1606 2588 petiisse
1627 2559 1712 2588 proba*

90 2599 140 2622 bile
159 2603 195 2622 est
218 2599 258 2628 (cf.
278 2607 302 2629 p.
326 2600 455 2629 XXXIXJ,

178 2642 215 2671 76„
240 2642 436 2667 chlodovechum
457 2644 576 2667 Frannum
595 2645 659 2674 quod
680 2645 709 2667 de
730 2645 882 2668 Theoderico
902 2646 1012 2669 scribens
1031 2647 1154 2671 Iordanes.
1177 2648 1269 2676 pariter
1287 2650 1361 2676 atquc
1375 2647 1552 2673 Cassiodorjus,
1577 2645 1711 2668 Lodoinuu·

93 2685 202 2714 appellat
220 2686 322 2709 mirifica
341 2692 366 2710 et
386 2688 489 2710 sortasse
508 2695 623 2718 perversa
643 2688 756 2711 vocabuli
777 2690 921 2711 formatione
946 2691 983 2718 kct'.
1007 2689 1058 2712 iud.
1079 2697 1173 2719 pers„
1202 2691 1256 2712 siue
1281 2690 1355 2712 dubio
1381 2697 1410 2712 ex
1437 2690 1480 2713 hoc
1504 2690 1544 2712 ille
1564 2688 1710 2716 adsumpsit.

91 2730 173 2751 contra
193 2729 257 2758 qnod
277 2729 425 2753 Schirrenus
444 2737 468 2760 p.
493 2731 521 2754 Ti
537 2738 573 2761 sq.
595 2736 707 2760 provocat
727 2732 755 2753 ad
777 2732 838 2753 lot-o<
857 2732 887 2754 de
909 2732 1040 2755 Eutharico
1060 2734 1159 2759 Amalo,
1189 2734 1265 2755 additi
1291 2738 1349 2756 suut
1370 2734 1386 2755 ii
1407 2733 1508 2762 quidem
1528 2733 1555 2755 ad
1576 2731 1713 2753 sut-‹assio-

93 2778 149 2794 nem
169 2772 302 2795 Athalarici
323 2773 549 2797 cornuieudaiulaui.
571 2775 612 2797 sed
633 2775 662 2796 1111
684 2775 706 2796 id
729 2775 809 2804 ipsum
831 2775 881 2803 pari
903 2775 955 2797 iure
976 2776 1029 2797 xixo
1050 2776 1198 2798 'l'hesulerivo
1218 2777 1290 2798 scribi
1311 2781 1456 2806 potuerunt.

179 2814 217 2843 779
241 2816 314 2838 Servo
333 2817 435 2839 scilicet.
475 2824 531 2839 eum
553 2818 698 2840 Schirrcuus
719 2825 742 2847 p.
759 2819 790 2839 515¹.
812 2825 858 2840 uon
880 2818 967 2841 hahere
987 2819 1071 2841 ‹loiniit
1094 2827 1135 2848 pro
1155 2820 1261 2841 Castalio
1280 2820 1450 2849 dispensator«.-
1471 2819 1593 2849 poutilicis
1615 2817 1711 2841 Yissilii·

169 2864 287 2883 lorwim„
1503 2870 1513 2894 1Ι
