2117 3032
866 173 1015 201 esricA.
1716 178 1751 207 91

127 274 248 302 rentes.
284 269 485 301 terribilitate
515 269 689 308 fugabant,
724 279 761 300 eo
785 268 869 308 quod
893 272 961 300 erat
984 268 1030 299 eis
1062 268 1186 308 species
1217 267 1364 308 pavenda
1395 268 1564 308 nigridinis
1596 274 1627 300 et
1658 270 1755 301 velud
1783 270 1891 300 XXIV

127 321 301 362 quaedam,
335 321 362 352 si
386 320 449 352 (1101
473 320 522 351 fas
546 324 611 351 est.
648 319 792 351 informis
816 320 894 351 offa.
930 330 992 351 11011
1017 319 1133 350 facies.
1170 319 1357 358 habensque
1387 319 1490 359 magis
1522 325 1637 359 puncta
1663 331 1757 361 quam

127 372 260 404 lumina.
301 382 433 412 quorum
457 371 555 402 animi
578 371 696 402 fiducia
721 375 832 402 turvus
856 371 969 412 prodet
991 374 1149 411 aspectus.
1178 371 1232 410 qui
1256 371 1352 401 etiam
1376 370 1408 401 in
1432 370 1564 411 pignora
1583 381 1638 402 sua
1658 372 1758 412 primo

129 424 180 455 die
197 428 272 455 nata
290 422 490 454 desaeviunt.
530 432 603 453 nam
628 422 769 453 maribus
794 422 876 454 ferro
900 432 1001 462 genas
1026 425 1143 453 secant.
1172 425 1206 452 ut
1230 426 1303 452 ante
1329 432 1425 461 quam
1448 422 1541 452 lactis
1565 422 1758 454 nutrimenta

97 486 108 503 5
128 475 322 516 percipiant,
355 474 496 505 vulneris
521 477 675 514 cogantur
699 473 805 505 subire
829 473 1043 505 tolerantiam.
1092 473 1165 504 hinc
1188 473 1337 504 inberbes
1361 477 1533 504 senescunt
1556 477 1588 504 et
1611 474 1678 505 sine
1703 484 1759 505 ve-
1786 476 1842 505 125

127 530 255 557 nustate
286 525 391 557 efoebi
423 529 510 556 sunt.
547 525 621 565 quia
652 525 751 556 facies
780 525 863 556 ferro
888 525 1011 556 sulcata
1035 524 1257 565 tempestivam
1282 524 1418 565 pilorum
1442 525 1578 564 gratiam
1603 525 1759 556 cicatricis

126 577 277 609 absumit.
318 577 427 616 exigui
444 576 573 616 quidem
594 576 704 607 forma.
734 576 791 607 sed
806 576 929 616 argutis
945 576 1083 607 motibus
1101 576 1243 616 expediti
1260 580 1291 607 et
1307 575 1347 606 ad
1365 575 1571 616 equitandum
1589 577 1760 617 promptis—

128 629 215 660 simi.
249 628 390 669 scapulis
414 628 505 666 latis,
542 632 573 659 et
595 627 638 658 ad
660 637 751 658 arcos
776 627 974 667 sagittasque
998 627 1102 668 parati
1126 626 1224 657 firmis
1248 626 1425 658 cervicibus
1450 630 1481 658 et
1504 628 1651 668 superbia
1676 638 1759 659 sem-

126 690 183 721 per
206 679 313 711 erecti.
362 679 395 710 hi
419 689 494 711 vero
518 680 576 710 sub
600 679 763 710 hominum
787 679 889 719 figura
915 678 1026 710 vivunt
1050 678 1181 710 beluina
1205 678 1358 710 saevitia¹
1381 703 1387 709 .

78 742 106 760 10
213 731 305 768 Quod
328 741 430 771 genus
455 730 731 772 expeditissimum
755 730 991 769 multarumque
1016 730 1179 761 nationum
1195 733 1410 770 grassatorem
1429 729 1530 761 Gretae
1548 734 1581 761 ut
1596 730 1753 761 viderunt.
1788 732 1843 761 129

126 783 309 824 paviscunt.
347 792 466 822 suoque
491 792 562 813 cum
586 792 662 822 rege
687 781 883 813 deliberant.
919 781 1057 821 qualiter
1087 781 1145 812 tali
1169 791 1203 812 se
1227 781 1317 812 hoste
1343 781 1534 812 subducant.
1582 792 1654 812 nam
1680 782 1761 812 Her-

126 834 324 871 manaricuS.
361 843 417 865 rex
442 833 632 865 Gothorum.
669 833 758 869 licet.
794 837 828 864 ut
851 833 999 874 superius
1023 833 1206 871 retulimus7
1243 833 1414 864 multarum
1446 833 1588 873 gentium
1613 833 1760 864 extiterat

126 885 350 926 triumphator.
386 885 426 916 de
458 885 643 916 Hunnorum
673 889 782 917 tamen
812 884 951 916 adventu
982 884 1057 915 dum
1087 884 1221 924 cogitat,
1258 885 1505 915 Rosomonorum
1537 894 1617 924 gens
1648 883 1755 915 infida.

127 947 209 977 quae
233 940 308 967 tunc
330 936 413 968 inter
435 936 518 967 alias
542 937 590 967 1111
614 936 804 967 famulatum
829 936 1010 967 exhibebat.
1039 936 1097 966 tali
1114 945 1185 966 011111
1202 935 1397 966 nanciscitur
1413 935 1579 967 occasione
1598 936 1756 976 decipere.

80 999 107 1018 15
127 988 202 1019 dum
233 988 317 1019 enim
347 987 508 1028 quandam
541 988 707 1019 mulierem
733 987 868 1019 Sunilda
898 987 1026 1018 nomine
1058 997 1098 1018 ex
1129 991 1225 1027 gente
1257 990 1432 1018 memorata
1462 997 1518 1028 pro
1542 987 1648 1018 mariti
1672 987 1760 1018 frau-

127 1039 258 1071 dulento
287 1039 432 1070 discessu
464 1049 520 1070 rex
549 1039 654 1070 furore
684 1043 859 1070 commotus
890 1039 980 1079 equis
1012 1038 1172 1070 ferocibus
1195 1038 1364 1078 inligatam
1388 1038 1591 1078 incitatisque
1616 1038 1760 1070 cursibus

127 1101 183 1132 per
206 1090 334 1122 diversa
357 1090 471 1122 divelli
494 1090 721 1131 praecipisset.
751 1090 865 1121 fratres
890 1090 958 1121 eius
983 1090 1081 1121 Sarus
1105 1094 1136 1121 et
1161 1090 1322 1120 Ammius.
1351 1100 1524 1130 germanae
1548 1090 1667 1121 obitum
1691 1090 1761 1120 vin-

128 1142 282 1174 dicantes.
311 1142 533 1173 Hermanarici
557 1142 642 1173 latus
667 1141 749 1173 ferro
773 1142 948 1183 petierunt:
977 1152 1038 1181 quo
1062 1142 1195 1173 vulnere
1220 1141 1349 1173 saucius
1373 1152 1482 1181 egram
1507 1141 1604 1172 vitam
1623 1141 1760 1181 corporis·

127 1193 337 1225 inbecillitate
369 1194 535 1225 contraxit.
583 1204 677 1234 quam
709 1193 879 1224 adversam
912 1193 980 1224 eius
1004 1193 1215 1224 valitudinem
1240 1197 1373 1234 captans
1397 1193 1569 1224 Balamber
1591 1203 1646 1224 rex
1671 1193 1760 1224 Hun—
1788 1195 1844 1222 130

79 1256 108 1275 20
128 1256 238 1277 norum
266 1245 299 1276 in
323 1244 585 1285 Ostrogotharum
610 1249 700 1286 parte
724 1245 822 1276 movit
845 1245 1057 1286 procinctum.
1093 1256 1111 1276 a
1136 1255 1267 1284 quorum
1293 1244 1444 1276 societate
1468 1244 1532 1275 iam
1557 1244 1761 1284 Vesegothae

129 1296 267 1336 quadam
300 1296 381 1327 inter
412 1306 445 1327 se
476 1296 651 1328 intentione
683 1296 818 1328 seiuncti
847 1296 1060 1328 habebantur.
1108 1296 1190 1327 inter
1219 1296 1298 1327 haec
1323 1296 1570 1327 Hermanaricus
1601 1300 1665 1326 tam
1690 1295 1761 1326 rul-

215 1426 272 1448 HP
288 1426 340 1448 VL
355 1427 375 1448 A
391 1425 409 1447 S
427 1426 475 1455 fin.
494 1425 521 1449 11
538 1426 692 1449 subducant:
715 1427 762 1449 iric.
779 1426 807 1449 21
824 1427 890 1449 10101
918 1426 938 1448 0
953 1426 974 1448 Β
989 1427 1011 1448 X
1030 1426 1058 1448 ’Υ
1071 1426 1110 1454 Z.
1150 1425 1292 1454 Lamlols'us
1311 1425 1344 1448 ml
1364 1426 1437 1448 Pauli
1456 1426 1476 1448 h.
1500 1425 1528 1448 R.
1552 1428 1593 1448 Il.
1617 1428 1647 1448 11]
1665 1432 1690 1454 p.
1713 1426 1761 1447 344

128 1470 237 1499 Droysen
260 1470 308 1499 (fin.
327 1468 357 1492 lu
371 1469 488 1492 viderunt
504 1488 508 1492 .

216 1537 223 1560 1
248 1537 412 1560 terrebilitate
432 1537 454 1559 P
557 1538 672 1567 pauendo
691 1537 782 1560 Lami..
810 1537 939 1566 pauendae
962 1538 1007 1559 ΧΥ
1112 1537 1245 1566 nigridinis
1264 1535 1300 1568 et]
1320 1536 1399 1565 HPV,
1422 1537 1560 1565 nigredinis
1580 1540 1603 1559 et
1625 1537 1700 1559 AXY⁴
1724 1538 1763 1558 ni-

128 1581 252 1611 gritudine
267 1581 309 1604 sed
324 1580 373 1609 So,
395 1581 525 1609 nigredine
540 1580 582 1603 sed
596 1580 626 1609 B,
649 1581 714 1610 nigr.
730 1583 755 1603 et
769 1588 793 1603 11.
810 1587 832 1609 q.
850 1587 897 1603 orn.
914 1580 934 1602 L
1041 1579 1054 1602 2
1075 1580 1192 1602 deformis
1214 1580 1259 1602 ΟΒ
1273 1580 1354 1602 Laud.
1463 1577 1550 1611 facies]
1570 1580 1647 1601 facien
1674 1583 1683 1600 &¹
1709 1578 1728 1600 L

128 1622 218 1656 magis]
237 1624 356 1652 mamagis
377 1623 404 1649 Pv
427 1624 468 1646 ma
487 1624 565 1652 magis
586 1623 613 1645 H
767 1626 845 1652 pii-ta
867 1622 897 1643 0*
921 1626 1023 1652 (puncta
1044 1622 1076 1645 Οἳ
1247 1623 1260 1645 3
1280 1620 1381 1654 fiducia]
1402 1622 1514 1645 IIPLSO
1534 1622 1627 1645 1,(17101..
1649 1622 1763 1645 fiduciam

132 1667 244 1690 i'ABXi·
366 1664 468 1697 turnus]
487 1666 566 1693 HPV,
589 1667 668 1688 toruis
689 1667 715 1690 Ζ.
739 1669 826 1688 toruus
845 1667 889 1688 rel.
1015 1664 1112 1698 prodet]
1133 1666 1210 1689 HPV.
1233 1666 1315 1695 prodit
1334 1666 1423 1695 reliqui
1559 1664 1573 1687 -1
1594 1669 1650 1687 nata
1670 1665 1710 1687 die
1730 1667 1759 1688 A.

128 1710 167 1733 die
187 1713 258 1733 natco
278 1709 295 1732 S
400 1707 561 1741 desaeuiunt]
580 1709 682 1733 ΑΒΧΥ.
704 1709 812 1732 deuiunt
832 1709 933 1732 HPVL.
957 1710 1063 1732 dereunt
1083 1709 1124 1732 So
1231 1709 1287 1731 latis
1310 1709 1330 1731 0
1445 1708 1458 1731 5
1479 1709 1617 1737 suscipiant
1637 1709 1728 1731 ΑΧΥΖ

128 1753 228 1776 uulneri
242 1753 283 1775 SO
296 1751 377 1775 Lami.
488 1751 584 1784 subire]
603 1754 636 1775 sic
649 1754 722 1775 eliam
736 1752 829 1775 Dium..
852 1753 979 1781 suscipere
994 1752 1061 1774 ,i'i'Z
1166 1752 1226 1774 hine
1248 1770 1252 1775 .
1271 1770 1275 1774 .
1292 1770 1297 1775 .
1321 1751 1335 1774 ss
1355 1755 1415 1774 sunt
1433 1758 1480 1774 0711,
1494 1751 1529 1773 .»1“’
1636 1749 1764 1782 inberbes]

126 1797 151 1818 in
167 1796 251 1818 uerbis
269 1795 309 1818 VL
399 1795 515 1817 senisunt
531 1795 558 1820 0,
582 1802 608 1818 50
622 1796 738 1818 nesciunt
752 1795 774 1817 B
863 1793 930 1827 sine]
950 1796 1028 1818 sineis
1043 1794 1064 1816 P
1151 1798 1277 1818 uetustate
1292 1794 1344 1818 LB.
1367 1797 1495 1817 uestutate
1512 1794 1532 1816 0
1637 1795 1652 1816 (j
1672 1793 1764 1826 esnebi]

128 1838 229 1868 HPVL,
246 1838 351 1868 ephoebi
366 1837 418 1860 ΕΒ.
434 1838 540 1868 ephoepi
557 1838 584 1861 0.
602 1838 688 1861 effoebi
703 1838 733 1861 X.
751 1838 838 1867 ephebi
854 1839 874 1860 A
884 1838 901 1860 Υ
999 1836 1132 1869 cicatricis]
1146 1837 1270 1863 HPVXZ.
1288 1838 1413 1860 cicatrices
1430 1837 1493 1859 LSO
1507 1837 1598 1860 Lami..
1615 1838 1719 1860 cicatrix
1737 1837 1762 1863 Υ,

127 1888 171 1911 per
190 1881 316 1903 cicatrices
336 1880 364 1909 B,
387 1881 544 1904 cicatricibus
564 1882 585 1903 A
709 1881 722 1903 Ἰ
743 1881 853 1903 adsumit
872 1881 945 1908 LSO.
966 1882 1071 1903 assumit
1092 1881 1114 1902 R
1135 1880 1214 1904 Lund.
1323 1881 1404 1909 arguti
1424 1880 1490 1903 SOR
1504 1879 1584 1903 Lami.
1692 1881 1764 1910 expi—

127 1925 174 1947 diti
192 1924 241 1946 HP
370 1926 394 1947 et
413 1931 460 1947 om.
477 1923 518 1946 LS
659 1924 673 1947 S
693 1922 772 1956 arcos]
791 1924 890 1953 HPVS,
912 1931 984 1947 arcus
1004 1924 1128 1951 LABXY,
1150 1931 1217 1946 orcos
1240 1924 1260 1946 0
1383 1924 1500 1953 superuia
1521 1923 1596 1946 PVO.
1620 1931 1728 1954 superna
1747 1924 1765 1946 S

129 1967 143 1990 9
163 1966 251 1999 erecti]
271 1966 383 1990 SOBXY
397 1967 490 1994 Lami..
512 1967 602 1990 erectis
617 1967 732 1990 HPVLA
840 1967 874 1989 hii
889 1967 930 1990 SO
1037 1966 1108 1999 uero]
1122 1967 1280 1990 PVLSOBA'
1288 1967 1305 1989 Υ
1316 1966 1408 1995 Laud„
1430 1974 1486 1995 ergo
1501 1967 1547 1989 HA
1654 1966 1765 1999 beluina]

127 2011 240 2034 beluiiua
256 2010 276 2033 Ο
385 2010 415 2034 10
434 2008 608 2042 grassatorem]
623 2010 695 2039 SXY,
712 2013 871 2033 (τι-3553101001
886 2010 934 2032 ΗΡ
942 2010 1037 2035 VLOB.
1054 2011 1149 2033 excidia
1164 2012 1184 2032 A
1294 2010 1320 2033 11
1343 2013 1484 2039 panescunt
1498 2010 1574 2034 ΧΥΖ.
1597 2011 1766 2040 expauiscunt

131 2054 160 2082 0,
182 2057 356 2084 expauescunt
372 2053 413 2076 SR
519 2052 637 2085 qualiter]
657 2053 692 2076 bis
710 2053 746 2075 pu
853 2053 896 2076 tali
917 2060 942 2075 se
961 2051 1045 2085 hoste]
1064 2053 1212 2081 HPVLXYv
1236 2053 1279 2076 tali
1300 2060 1325 2075 se
1345 2053 1409 2075 hosti
1423 2054 1452 2079 A,
1475 2061 1488 2075 a
1507 2053 1548 2076 tali
1569 2053 1639 2076 hoste
1655 2054 1682 2075 0.
1707 2060 1732 2076 50
1752 2061 1764 2075 3

129 2097 173 2120 tali
191 2097 261 2119 hoste
281 2096 320 2119 SB
426 2098 591 2119 ermanaricus
617 2096 683 2119 VOB
798 2096 826 2119 12
847 2099 876 2119 ut
895 2103 943 2119 om.
968 2096 988 2119 0
1095 2098 1211 2126 superius
1230 2094 1377 2128 retulimus]
1396 2097 1443 2118 iam
1463 2096 1575 2119 diximus
1595 2098 1616 2118 A
1722 2103 1766 2119 ex-

129 2140 209 2163 titerit
230 2139 322 2162 LAOB
447 2139 477 2162 13
497 2146 621 2162 unnorum
643 2140 663 2161 O
781 2139 840 2162 dum
860 2142 916 2162 ante
936 2139 966 2162 de
986 2141 1007 2162 A
1124 2137 1321 2171 rosomonorum]
1340 2139 1512 2168 HPAOBXY,
1535 2146 1718 2162 rosomanorum
1736 2139 1762 2167 Υ,

129 2189 277 2206 rosomorum
298 2183 327 2212 L,
350 2183 528 2206 rosimanorum
549 2183 569 2205 Z
678 2182 707 2206 14
727 2183 764 2205 illi
783 2183 850 2205 inter
868 2183 927 2205 alias
948 2183 969 2205 A
1076 2183 1226 2206 nancisciter
1245 2183 1265 2205 0
1371 2182 1491 2212 decepere
1506 2176 1539 2205 0²¹
1647 2183 1676 2206 15
1696 2180 1766 2214 dum]

130 2226 190 2248 dicit
210 2225 246 2248 A‘
352 2226 458 2255 quedam
478 2225 567 2248 mulier
588 2225 609 2248 0
715 2223 826 2257 sunilda]
845 2225 972 2253 HPVLA,
996 2226 1094 2248 sunielh
1117 2226 1167 2248 015.
1191 2226 1285 2248 sunihil
1306 2225 1374 2247 ΧΥΖ
1479 2223 1589 2257 00111100]
1609 2227 1700 2249 tiomen
1721 2225 1762 2253 Αἱ,

130 2276 218 2292 nomen
239 2267 273 2291 Α2
378 2267 549 2301 fraudulento]
568 2269 694 2292 fraudenti
717 2269 736 2291 O
862 2268 891 2291 lb'
911 2276 960 2298 que
981 2276 1028 2291 om.
1046 2269 1113 2291 ΧΥΖ
1233 2268 1261 2292 17
1282 2269 1381 2291 diuersa
1400 2276 1447 2292 om.
1466 2269 1486 2291 0
1592 2267 1766 2301 praecipisset]

130 2311 209 2341 HPV,
230 2313 366 2341 precipisse
388 2311 418 2336 O.
439 2313 607 2342 praecepisset
625 2311 744 2335 LABXY
847 2318 941 2334 31011105
962 2312 1014 2337 ΧΖ,
1036 2313 1136 2334 eminus
1160 2312 1185 2339 Υ,
1206 2312 1324 2335 1301111105
1345 2311 1380 2334 A“
1500 2311 1529 2335 13
1549 2319 1608 2335 erm.
1634 2312 1687 2341 OB,
1709 2312 1765 2335 her-

130 2355 253 2377 manarico
272 2354 308 2377 A“
424 2356 549 2377 sauciatus
569 2356 590 2377 A
711 2354 740 2378 19
760 2355 919 2377 inbicillitate
941 2354 970 2378 P.
992 2355 1155 2378 inbellicitate
1177 2355 1197 2377 Ο
1312 2355 1432 2377 aduersus
1455 2355 1474 2377 O
1589 2355 1714 2377 belamber
1734 2355 1763 2383 L‚

130 2398 234 2420 balamir
254 2397 282 2425 O,
305 2397 417 2420 balamur
435 2397 458 2420 Β
562 2396 619 2430 rex]
639 2405 681 2420 rex
701 2409 733 2417 ο»
755 2397 774 2420 L
887 2397 918 2420 20
938 2398 965 2420 in
985 2398 1179 2427 ostrogotharum
1203 2398 1293 2422 (110511-
1308 2391 1374 2425 LAh,
1396 2398 1608 2429 hostrogothorum
1629 2398 1673 2426 Α”ς
1696 2402 1765 2427 parte

135 2442 237 2470 (partem
251 2438 367 2472 AXYZ)]
386 2441 582 2464 HPVLAXYZ.
605 2442 630 2463 in
651 2441 824 2470 n‘rsgotharum
846 2440 875 2469 0,
898 2441 923 2463 in
943 2441 1096 2469 ostrogothas
1117 2441 1139 2463 R
1245 2441 1272 2464 21
1297 2441 1401 2470 quadam
1425 2441 1533 2471 (quidam
1547 2441 1574 2469 Ρ]
1597 2441 1662 2463 inter
1682 2448 1707 2463 se
1726 2442 1765 2463 in-

130 2484 242 2506 tentione
264 2484 321 2511 (int.
343 2491 391 2507 0771.
409 2483 438 2507 Ο.
460 2485 621 2506 contencione
637 2485 668 2511 A>
691 2485 797 2506 seiuncti
821 2484 923 2506 ³'seiunti
940 2483 983 2513 0²²)
1007 2484 1161 2506 habebantur
1184 2484 1315 2510 (habebant
1331 2483 1375 2516 0]
1395 2485 1559 2507 discesserant
1579 2491 1652 2513 quani
1672 2484 1766 2506 dudum

131 2527 197 2549 inter
216 2533 242 2549 se
261 2527 368 2549 seiuncti
388 2527 512 2549 habebant
531 2527 552 2549 B
657 2527 841 2549 hermanericus
862 2526 889 2551 P.
913 2527 1080 2549 ermanaricus
1102 2527 1153 2555 OB,
1177 2529 1346 2550 armanaricus
1366 2527 1384 2549 S

220 2646 241 2675 1)
264 2647 410 2669 Ammianus
430 2648 475 2673 31,
498 2648 526 2675 ζ),
551 2649 576 2669 1;
610 2647 742 2670 Hunorum
769 2654 829 2675 gens
851 2666 856 2670 .
875 2666 879 2670 .
897 2664 902 2669 .
924 2654 1020 2669 omnem
1047 2647 1146 2669 modum
1174 2648 1281 2670 feritatis
1307 2647 1415 2669 excedit.
1463 2649 1495 2669 1).-
1524 2647 1565 2669 ubi
1592 2647 1709 2675 quoniam
1736 2646 1767 2668 ab

132 2690 195 2719 ipsis
219 2689 334 2712 nascendi
361 2690 479 2720 primitiis
503 2690 629 2712 infantum
656 2690 720 2713 ferro
747 2691 877 2712 sulcantur
896 2690 972 2712 altius
993 2697 1086 2718 genae,
1114 2694 1142 2712 ut
1162 2691 1266 2720 pilorum
1288 2691 1354 2718 vigor
1373 2690 1538 2719 tempestivus
1559 2696 1688 2717 emergens
1709 2695 1766 2711 con-

132 2732 226 2760 rugatis
240 2733 395 2755 cicatricibus
412 2733 551 2757 hebetetur.
574 2736 709 2755 senescunt
726 2734 850 2755 imberbes
870 2733 964 2761 absque
985 2733 1036 2755 ulla
1055 2736 1188 2755 venustate
1210 2752 1214 2756 .
1233 2751 1238 2756 .
1257 2751 1261 2755 .
1284 2733 1416 2761 compactis
1435 2739 1520 2755 omnes
1541 2732 1668 2760 firmisque
1689 2738 1766 2753 mem-

131 2775 180 2797 bris
194 2777 219 2797 et
232 2775 321 2804 opimis
334 2776 481 2799 cervicibus.
503 2776 658 2805 prodigiosae
672 2777 772 2803 formae,
794 2776 836 2798 sed
856 2775 939 2804 pandi,
964 2778 991 2797 ut
1010 2776 1112 2804 bipedes
1132 2777 1263 2798 existimes
1283 2776 1374 2798 bestias
1396 2794 1401 2799 .
1419 2794 1423 2798 .
1441 2793 1446 2798 .
1485 2776 1516 2797 6:
1536 2775 1608 2804 equis
1628 2781 1702 2803 prope
1722 2774 1766 2795 ad-

132 2818 176 2840 flxi
198 2836 201 2840 .
220 2837 224 2841 .
244 2835 248 2840 .
288 2819 319 2840 9.-
340 2819 426 2847 procul
446 2819 583 2841 missilibus
603 2819 662 2841 telis
684 2835 689 2841 .
707 2836 712 2841 .
730 2836 735 2841 .
757 2816 928 2850 conmigunt]

1503 2868 1552 2891 12⁴·
