2034 3037
790 173 1017 199 rnosffinlvn.
1669 172 1714 202 XI

91 287 219 318 Arelate
250 287 394 318 Arverna
424 286 595 317 Aureliana
630 286 788 325 Bituriges
817 286 933 316 Tolosa
957 285 1096 316 Yienna.
1133 284 1323 315 Germaniae
1349 294 1444 315 unum
1469 284 1712 322 Mogontiacum.

89 347 209 387 Illyrici
241 346 448 378 occidentalis
471 345 659 376 Vindobona
690 350 720 376 et
747 346 897 376 salonae.
946 346 977 375 in
1010 345 1102 375 Italia
1132 349 1237 375 autem
1269 344 1406 384 demptis
1436 344 1475 374 iis
1508 344 1601 374 locis.
1636 354 1714 383 quos

88 417 190 438 rerum
223 406 361 437 narratio
392 410 519 447 propter
548 406 670 446 proelia
699 405 883 444 similesque
914 415 965 436 res
996 408 1105 444 gestas
1137 405 1255 435 evitare
1287 404 1374 434 nullo
1406 404 1497 434 modo
1530 403 1647 444 potuit.
1684 407 1716 433 ut

89 471 161 497 sunt
184 466 371 498 Consentia.
409 466 565 497 Dertona..
600 466 713 510 Fprum
739 466 827 496 lulii.
862 465 1043 496 Placentia.
1079 465 1251 495 Pollentia.
1290 464 1443 494 Vulsinii.
1478 464 1552 494 item
1584 473 1715 502 quorum

90 527 205 558 mentio
229 526 264 558 fit
286 526 319 557 in
344 526 559 557 debellatione
578 526 752 557 Gothorum
778 536 833 566 per
850 525 1040 556 Belisarium
1065 524 1241 555 enarranda
1268 524 1448 564 Syracusae
1473 524 1606 563 Regium
1632 523 1717 553 Nea-

89 587 170 627 polis
194 587 327 618 Perusia
350 586 544 617 Ariminum.
577 596 658 626 quae
682 586 789 616 onmia
813 585 914 616 obiter
938 595 1040 624 neque
1065 585 1129 615 ulla
1155 584 1380 625 explanatione
1405 583 1514 615 addita
1542 593 1717 614 memoran—

88 651 148 678 tur.
176 647 315 687 quinque
339 650 460 678 tantum
486 646 578 677 urbes
604 650 734 677 restant.
762 645 800 676 de
825 645 939 685 ‹plihus
962 645 1071 686 paullo
1095 645 1275 675 accuratius
1292 644 1444 675 Iordanes
1463 644 1588 674 scribat.
1619 644 1715 673 ltoma

91 707 229 745 scilicet,
264 706 380 738 deinde
404 706 567 740 Ticinum,
604 706 660 737 sed
692 710 726 736 ut
756 716 795 736 ne
827 705 884 736 hoc
916 705 1042 744 quidem
1069 705 1243 736 Gothorum
1275 704 1408 745 scriptor
1438 704 1579 735 enuntiet
1611 703 1718 734 sedem

90 767 189 798 fuisse
219 777 331 807 regum
358 767 549 797 Gothorum.
587 766 664 797 item
696 765 909 797 Mediolanum
951 765 1119 803 ‘Liguriae
1155 764 1338 805 metropolis
1373 768 1404 795 ct-
1438 763 1596 804 quondam
1633 764 1718 803 regia

93 827 212 863 ''urbs'.
252 827 390 866 denique
421 826 575 857 Ravenna
606 826 695 866 regia
726 826 818 859 urbs,
854 830 888 856 ut
918 825 976 857 ait.
1010 830 1041 857 et
1070 825 1218 864 Aquileia
1254 824 1455 865 'metropolis
1484 824 1716 855 Venetiarum'.

91 887 201 918 harum
226 887 361 918 duarum
386 887 479 917 situm
504 890 536 917 et
558 885 706 916 viciniam
731 896 786 927 pro
810 896 843 917 re
868 885 1039 925 diligenter
1063 895 1226 917 enarrans.
1271 895 1352 924 quae
1377 885 1480 915 omnia
1506 885 1623 925 optime
1647 894 1721 914 con-

91 947 222 978 veniunt
244 946 412 978 Iustiniani
437 946 563 977 subdito
588 946 706 977 homini
730 946 762 977 in
787 946 906 977 Moesia
932 945 1078 986 degenti:
1115 956 1188 976 nam
1215 946 1367 976 Ravenna
1398 956 1459 976 111111
1492 945 1595 975 minus
1626 954 1721 984 111111111

92 1006 382 1048 Constantinopolis
404 1006 497 1038 sedes
514 1006 637 1048 imperii
656 1006 723 1045 fuit.
752 1006 901 1046 Aquileia
917 1010 1022 1037 autem
1040 1006 1211 1047 provinciis
1229 1006 1293 1036 illis
1310 1009 1472 1045 tamquam
1490 1009 1580 1046 porta
1596 1004 1720 1036 Italiac.

91 1077 130 1098 ex
155 1068 328 1098 Ravennae
360 1067 446 1098 urbis
479 1067 692 1107 descriptione
723 1067 749 1097 si
780 1067 920 1098 eluceret
950 1070 1110 1097 auctorem
1141 1076 1210 1097 eam
1242 1065 1379 1096 vidisse.
1415 1061 1456 1096 ad
1487 1065 1722 1096 Cassiodorium

93 1127 195 1167 magis
224 1127 258 1158 id
288 1137 382 1167 quam
414 1127 456 1158 ad
480 1127 648 1158 Iordanem
673 1126 880 1158 referremus:
916 1130 947 1157 at
971 1130 1093 1158 tantum
1118 1126 1224 1157 abest.
1260 1130 1293 1157 ut
1317 1126 1350 1157 111
1375 1126 1516 1157 eluceat.
1552 1129 1585 1156 ut
1610 1136 1625 1156 e
1651 1135 1724 1155 con-

92 1188 188 1218 trario
212 1187 274 1219 duo
297 1192 442 1219 auctores
471 1191 569 1218 testes
593 1187 728 1218 citentur
752 1197 861 1218 earum
886 1196 1007 1218 rerum.
1039 1186 1071 1217 in
1096 1187 1212 1226 quibus
1236 1187 1290 1226 11111
1316 1187 1499 1217 Ravennam
1524 1186 1593 1226 ipse
1618 1189 1725 1216 nosset

92 1248 214 1278 nullum
239 1247 365 1278 omnino
389 1247 601 1278 adhibuisset.

179 1308 246 1339 Iam
270 1318 345 1338 vero
369 1307 422 1338 ubi
446 1317 504 1338 nos
528 1307 741 1338 convertimus
764 1307 806 1338 ad
830 1307 977 1347 regiones
1002 1307 1227 1338 Danuvianas.
1265 1317 1382 1338 scaena
1415 1310 1564 1338 mutatur.
1614 1305 1726 1336 fluvio-

94 1378 160 1399 rum
192 1368 245 1408 qui
269 1368 473 1399 nominantur
496 1368 636 1398 omnium
661 1371 823 1407 tamquam
848 1377 902 1398 rex
927 1371 975 1399 est
999 1368 1164 1398 Danuvius
1189 1372 1219 1399 et
1244 1372 1277 1398 ut
1300 1367 1338 1398 de
1363 1367 1433 1408 ipso
1458 1367 1555 1398 multa
1581 1371 1611 1397 et
1636 1365 1723 1396 varia

94 1432 263 1460 narrantur
292 1428 342 1468 (cf.
370 1428 558 1469 praesertim
588 1429 635 1458 12.
665 1429 713 1458 75.
743 1430 793 1458 55.
815 1429 902 1460 280.
929 1427 1128 1459 affluentium
1154 1428 1222 1459 eius
1247 1428 1444 1467 aliorumque
1469 1427 1562 1458 huius
1587 1426 1726 1466 regionis

93 1489 233 1520 amnium
258 1489 466 1529 compluiium
490 1488 619 1519 nomina
644 1488 856 1519 enuntiantur.
899 1499 938 1519 cx
963 1488 1106 1529 partibus
1131 1498 1167 1519 ea
1193 1492 1298 1519 aetate
1318 1491 1408 1519 extra
1425 1488 1590 1528 imperium
1610 1487 1725 1517 Roma-

95 1559 170 1580 num
194 1549 373 1580 constitutis
397 1548 511 1580 notitia
534 1549 654 1579 auctori
680 1552 728 1580 est
751 1549 857 1588 aliqua
883 1548 1052 1589 Scythiae.
1089 1548 1141 1579 ubi
1174 1548 1315 1579 notabile
1346 1552 1395 1579 est
1418 1548 1481 1578 Var
1504 1547 1646 1587 Danapri
1670 1556 1726 1577 vo-

97 1609 243 1640 cabulum
268 1609 447 1640 Hunnicum
477 1609 595 1640 auctori
625 1609 830 1640 intellectum.
880 1612 1045 1649 praeterea
1070 1608 1188 1639 liminis
1213 1608 1472 1649 septentrionalis
1496 1608 1586 1638 Ponti
1611 1606 1727 1647 oppida

99 1668 241 1700 Graecae
273 1669 403 1709 originis
433 1668 474 1699 ad
498 1669 731 1709 'l'rapczuntem
762 1679 863 1708 usque
895 1672 1023 1709 propter
1048 1669 1081 1699 id
1105 1669 1209 1710 ipsum
1234 1669 1409 1700 admissam
1434 1679 1463 1709 p.
1493 1670 1541 1698 ⁴32.
1572 1671 1600 1698 -1,
1629 1669 1678 1698 oo.
1708 1669 1725 1696 4

99 1739 161 1759 non
192 1729 398 1768 indiligenter
429 1732 583 1760 recenset.
642 1739 745 1769 neque
775 1729 904 1768 ignotae
935 1729 964 1760 ei
1000 1733 1071 1760 sunt
1103 1729 1203 1760 Dacia
1235 1733 1266 1760 et
1295 1729 1457 1760 Pannonia
1493 1728 1615 1759 scilicet
1648 1737 1728 1767 quae

99 1789 143 1820 ita
166 1789 355 1820 dicebantur
377 1792 482 1820 aetate
507 1788 652 1829 antiqua.
700 1788 875 1820 civitatium
900 1793 1005 1820 autem
1030 1789 1234 1821 nominantur
1258 1789 1410 1829 scythiae
1434 1788 1617 1830 provinciae
1639 1787 1728 1818 Tomi

99 1853 130 1880 et
153 1849 394 1880 Noviodunum:
422 1849 562 1880 Moesiae
587 1849 746 1880 inferioris
771 1849 924 1880 odessus.
953 1850 1210 1890 Marcianopolis,
1240 1849 1456 1882 Durostorum.
1484 1850 1604 1880 Novae.
1634 1848 1731 1879 Nico-

100 1909 201 1950 polis,
228 1909 387 1941 Abrittus:
421 1909 560 1949 origines
583 1910 762 1941 referuntur
784 1910 972 1949 Tomorum‚
1001 1910 1264 1951 Marcianopolis.
1293 1910 1473 1951 Nicopolis.
1503 1910 1544 1940 ad
1569 1909 1650 1940 hanc
1675 1908 1731 1939 dc-

101 1973 212 2009 gentes
236 1969 332 2000 Gothi
357 1973 502 2010 pastores
526 1973 674 2001 accurate
698 1969 938 2001 deseribuntur:
972 1970 1144 2002 Durostoro
1175 1971 1302 2002 natales
1327 1971 1410 2001 Aetii
1439 1970 1641 2001 vindicantur
1664 1969 1731 1999 loco

101 2031 140 2061 ab
163 2030 232 2070 ipso
256 2033 383 2061 auctore
406 2030 542 2061 inserto.
580 2034 613 2061 ut
636 2030 686 2061 hic
711 2030 894 2071 scriptorem
919 2030 1084 2062 evidenter
1107 2035 1263 2072 appareat
1286 2031 1317 2062 111
1343 2032 1437 2062 rebus
1462 2030 1573 2071 patriis
1597 2029 1729 2061 versari.

101 2109 142 2112 —
166 2090 320 2121 Similiter
341 2094 516 2121 tractantur
532 2091 675 2122 eiusdem
694 2090 886 2129 dioeceseos,
917 2091 1039 2122 seilicet
1055 2091 1274 2123 Tlirzwiarum.
1302 2091 1484 2132 provinciae
1501 2091 1585 2122 aliae
1602 2089 1733 2121 Haemi—

101 2155 244 2189 montus.
272 2150 362 2182 cuius
385 2151 589 2181 nominantur
612 2151 788 2182 Anchialus
812 2156 843 2182 et
867 2151 1132 2192 Hadrianopolis:
1169 2152 1324 2183 Thracia.
1353 2151 1436 2183 unde
1459 2152 1635 2182 afferuntur
1660 2150 1733 2180 Phi-

102 2211 271 2252 lippopolis
297 2214 328 2242 et
351 2211 468 2242 Beroa:
504 2212 649 2252 Europa.
685 2212 775 2242 cuius
805 2211 992 2252 oppidsnum
1017 2211 1238 2252 Arcadiopolis
1266 2216 1297 2243 et
1321 2212 1420 2252 Bizye
1443 2216 1553 2243 auctor
1576 2210 1729 2242 meminit.

103 2275 138 2302 ut
159 2271 322 2317 mittamus
346 2271 448 2312 ipsam
467 2271 783 2312 Constantino]»olim.
828 2272 861 2302 in
886 2272 935 2302 his
952 2272 1128 2303 Anchialus
1152 2272 1290 2303 maxime
1315 2272 1494 2303 celebratur
1517 2282 1587 2303 cum
1612 2271 1733 2310 orig-ine

104 2331 205 2362 relata
239 2335 304 2362 tum
341 2331 480 2363 laudatis
511 2331 643 2363 thermis
682 2332 780 2363 'inter
810 2332 932 2372 reliqua.
962 2332 1057 2363 totius
1088 2332 1197 2363 mundi
1229 2332 1421 2363 thermarum
1454 2331 1732 2363 innumerabilium

108 2391 195 2422 ‘loca
220 2391 391 2432 praecipue
415 2392 456 2423 ad
482 2392 649 2423 sanitatem
674 2392 869 2423 intirmorum
894 2392 1140 2423 efficacissimis*
1172 2394 1208 2431 (c.
1229 2394 1279 2429 21),
1306 2394 1387 2431 loa).
1430 2392 1567 2432 denique
1588 2402 1626 2424 ex
1647 2391 1735 2422 dioe—

105 2451 168 2483 cesi
194 2451 314 2492 Illyrici
334 2451 509 2483 Thracicae
534 2453 638 2483 vicina
662 2457 947 2484 commemorantur
970 2452 1000 2482 in
1025 2452 1188 2493 provincia
1212 2453 1351 2483 Moesiae
1375 2452 1516 2484 inferiori
1540 2452 1732 2484 contermina

106 2512 206 2543 Dacia
229 2511 347 2552 ripensi
372 2512 469 2543 Vtus.
504 2513 631 2545 Almus.
667 2513 804 2544 Oescus.
842 2513 955 2544 Castra
978 2512 1105 2543 Martis:
1140 2513 1172 2543 in
1198 2513 1298 2543 Dacia
1322 2513 1554 2544 mediterranea
1579 2513 1731 2543 Naissus:

107 2572 139 2603 in
163 2572 327 2603 Dardania
351 2572 464 2603 Castra
487 2573 650 2605 Herculis:
678 2573 710 2604 in
735 2573 856 2604 Moesia
880 2573 1042 2613 superiore
1067 2573 1297 2611 Singidunum:
1330 2573 1362 2604 111
1387 2574 1481 2604 Savia
1508 2573 1682 2604 Bassianae
1708 2577 1735 2602 ct

108 2631 273 2663 Sirmium:
309 2632 340 2663 in
364 2632 553 2664 Macedonia
577 2633 817 2664 Thessalonica.
846 2633 997 2673 (Jyrrhus.
1026 2633 1125 2664 l'ella.
1155 2633 1308 2673 Europus.
1338 2633 1496 2664 Methone.
1525 2634 1648 2673 Pydna.
1678 2633 1737 2663 130—

108 2700 199 2729 roea.
236 2692 333 2724 Dius:
370 2693 403 2724 in
427 2693 597 2724 Thessalia
622 2693 776 2725 Heraclea
809 2697 839 2723 ct
872 2693 1011 2723 Larissa.
1062 2693 1195 2724 ulterius
1227 2703 1288 2723 non
1319 2693 1415 2724 habet
1448 2693 1507 2724 nisi
1540 2693 1735 2723 Athenarum

109 2751 298 2783 mentionem
324 2753 450 2784 exilem.
492 2753 523 2783 in
548 2753 598 2784 his
623 2753 756 2793 primum
775 2753 914 2784 notabile
932 2756 980 2783 est
997 2753 1081 2793 quod
1099 2753 1137 2784 (le
1155 2753 1276 2784 (sustris
1294 2754 1403 2784 Martis
1421 2764 1515 2794 supra
1542 2764 1578 2793 11.
1600 2754 1639 2783 vl
1675 2753 1735 2783 iam

110 2812 349 2852 occupavimus:
378 2823 450 2843 nam
475 2817 540 2843 tres
564 2813 647 2843 viros
671 2823 710 2843 ex
736 2824 771 2843 ea
796 2813 925 2852 regione
943 2813 1103 2844 oriundos.
1132 2814 1162 2844 in
1180 2813 1230 2844 his
1247 2813 1457 2844 clarissimum
1476 2813 1587 2844 ducem
1607 2814 1736 2843 Bessara

1495 2874 1531 2895 1,,
