2117 3032
779 143 992 169 l'ltthMlVM
1550 144 1702 174 XXXVII

81 255 255 286 ratis-simus
287 255 403 295 quippe
434 255 495 285 iam
528 256 634 285 consul
661 255 795 286 redisset
819 255 860 286 ad
885 256 1017 296 patriam
1043 256 1188 286 uillulam
1214 266 1306 295 quam
1334 260 1422 296 pater
1446 256 1581 296 liquerat
1605 256 1703 287 intro-

78 325 208 353 gressus
241 314 289 345 bis
323 314 466 345 uersibus
499 315 571 345 lusit
605 315 731 346 luciano
759 315 936 353 (Luciliano
962 318 1043 346 smil.
1087 315 1184 346 stilo‘.
1238 326 1274 346 ac
1306 319 1389 346 certe
1422 316 1625 347 manifestum
1656 320 1704 347 est

78 385 117 405 ex
141 374 246 405 verbis
275 374 332 405 Α119
357 374 522 405 liturariis‘
549 379 579 405 et
603 375 695 406 tertia
719 385 800 415 quae
826 375 940 406 dicitur
963 385 1117 416 persona.
1154 386 1217 415 qua
1241 376 1284 413 is,
1319 376 1373 415 qui
1398 375 1477 406 haec
1501 376 1698 417 conscripsit⁷

78 435 190 471 utitur,
218 444 256 465 ea
279 444 339 465 non
364 434 404 465 ab
429 435 568 465 Ausonio
593 435 679 475 ipso.
708 435 765 466 sed
789 435 828 466 ab
853 435 916 466 alio
940 435 1091 475 quodam,
1119 435 1172 474 qui
1196 435 1328 466 Ausonii
1353 435 1489 466 schedas
1513 436 1698 476 composuit,

77 495 216 535 profecta
232 504 302 525 esse
335 495 374 525 ct'.
396 495 422 524 V
444 496 493 524 17:
516 495 611 525 XXII
634 497 673 525 l'.
708 495 787 526 haec
804 495 900 534 igitur
916 495 991 535 quin
1010 499 1094 526 recte
1111 495 1257 526 statuerit
1274 495 1480 526 Brandesius.
1501 507 1561 526 non
1579 496 1699 527 dubito.

76 558 106 586 et
129 555 269 585 carmina
293 554 451 594 quaedam
475 555 515 585 ab
533 555 672 586 Ausonio
696 555 727 585 in
752 555 880 586 schedis
904 555 1015 586 relicta
1039 564 1109 586 esse
1134 555 1272 586 nondum
1290 555 1432 596 perfecta
1448 559 1543 596 atque
1560 557 1700 597 expolita

76 614 158 646 idem
183 615 323 646 ostendit
346 614 562 654 dittograpliia
586 614 617 645 in
642 615 780 646 carmine
804 614 1018 655 professorum
1036 615 1146 645 XXIII
1172 615 1313 646 indicata
1333 618 1373 656 (p.
1395 618 1459 653 0:37„
1509 627 1580 647 nam
1605 620 1702 648 tetra-

74 675 176 706 sticha
200 675 256 705 illa
280 685 332 705 vv.
360 676 442 705 5=—S
468 678 499 706 et
523 677 644 714 9-127
680 674 711 705 id
743 674 826 714 quod
851 685 889 706 ex
914 675 1019 706 verbis
1054 675 1153 715 ·quod
1178 676 1226 706 ius
1251 675 1447 716 pontifieum'
1482 677 1511 706 in
1538 677 1701 716 utriusque

73 735 161 766 initio
191 734 302 775 positis
333 735 546 774 intellegitur7
582 735 668 765 nullo
699 738 790 775 pacto
815 735 846 765 in
871 735 982 766 eodem
1008 735 1146 766 carmine
1171 746 1204 766 se
1229 736 1376 776 excipere
1401 740 1557 777 poterant.
1607 737 1701 768 immo

73 794 275 826 statuendum
300 798 348 825 est
372 799 508 835 poetam.
536 805 605 826 cum
631 805 726 826 unum
751 795 783 825 in
808 795 948 826 carmine
972 795 1142 836 pangendo
1159 796 1410 836 conscripsisset,
1439 800 1550 837 postea
1566 797 1700 828 alterum

72 856 104 886 in
135 855 277 895 margine
309 855 483 894 adiecisse‚
520 860 553 886 ut
584 855 643 886 sibi
676 855 707 885 in
740 855 879 886 camnine
912 855 1052 886 limando
1084 856 1177 886 unius
1201 856 1374 887 alteriusve
1398 857 1539 896 eligendi
1565 857 1701 888 facultas

73 919 168 946 esset.
217 915 274 946 sed
305 925 497 955 quamquam
526 915 690 946 adsentim·
713 915 907 946 Brandesio.
943 915 1040 946 nolim
1066 920 1171 947 tamen
1196 916 1235 947 de
1260 917 1415 957 Hesperio
1440 917 1597 957 cogitare.
1633 918 1696 957 qui.

74 975 100 1006 si
122 975 192 1016 ipse
216 975 352 1006 schedas
375 985 395 1006 a
419 978 508 1015 patre
532 975 660 1006 relictas
685 975 871 1016 collegisset
894 986 930 1006 ac
955 975 1183 1016 disposuisset,
1219 980 1303 1008 celte
1334 987 1395 1008 non
1421 977 1469 1008 his
1494 977 1600 1008 verbis
1624 988 1700 1009 usus

73 1039 172 1067 esset.
210 1035 266 1066 sed
297 1035 477 1066 accuratius
508 1038 539 1066 et
563 1035 744 1066 distinctius
769 1045 818 1066 res
842 1035 1059 1067 indicavisset.
1109 1036 1203 1067 immo
1229 1037 1288 1068 bae
1313 1037 1534 1078 inscriptiones
1560 1038 1635 1068 mihi
1660 1038 1700 1069 ab

71 1096 205 1127 bomine.
233 1095 285 1136 qui
310 1096 368 1126 etsi
393 1096 530 1135 quodam
555 1096 752 1135 cognationis
777 1096 826 1127 vel
853 1096 1080 1128 familiaritatis
1105 1097 1230 1128 vinculo
1254 1108 1323 1128 cum
1348 1098 1489 1128 Ausonio
1513 1098 1699 1129 coniunctus

71 1159 156 1194 erat,
183 1160 289 1187 tamen
313 1160 417 1187 aetate
442 1156 537 1196 paulo
562 1156 688 1196 longius
712 1156 869 1195 distabat,
898 1157 1058 1197 profectae
1083 1167 1154 1188 esse
1179 1157 1338 1188 videntur.
1388 1161 1419 1189 et
1443 1158 1468 1188 si
1495 1158 1695 1190 Vossianum.

70 1215 103 1246 id
138 1216 221 1255 quod
252 1216 392 1256 egregiis
424 1216 493 1247 eius
525 1216 691 1256 scripturis
723 1216 940 1248 continuatur.
980 1228 1019 1247 cx
1051 1217 1137 1248 fonte
1169 1217 1338 1258 purissimo
1367 1217 1498 1249 fluxisse
1529 1219 1695 1251 contendo.

70 1279 175 1307 tamen
196 1286 395 1316 nequaquam
421 1277 642 1317 opusculorum
669 1277 866 1316 singulorum
892 1277 923 1307 in
947 1287 984 1308 eo
1009 1277 1248 1318 dispositionem
1273 1282 1369 1309 totam
1394 1278 1435 1309 ad
1459 1289 1541 1317 cum,
1570 1278 1623 1318 qui
1643 1279 1699 1309 boe

70 1346 184 1376 corpus
201 1336 410 1368 concinnavit,
438 1336 637 1368 referendam
663 1346 733 1368 esse
758 1337 915 1373 existimo„
944 1337 1001 1368 sed
1026 1337 1082 1368 boc
1107 1338 1201 1369 etiam
1228 1338 1306 1368 libro
1330 1338 1407 1369 nihil
1433 1338 1521 1369 aliud
1545 1339 1698 1370 contineri

70 1407 184 1427 censeo
208 1396 268 1427 nisi
293 1400 443 1437 excerpta
467 1407 568 1437 eaque
593 1397 623 1427 in
649 1397 777 1428 scholae
801 1397 937 1428 alicuius
962 1408 1053 1429 usum
1079 1398 1235 1430 confecta.
1277 1409 1370 1438 quam
1397 1409 1460 1430 rem
1486 1399 1548 1429 iam
1573 1399 1698 1439 gravis-

70 1457 157 1487 simis
182 1457 293 1497 opinor
316 1457 513 1497 argumentis
538 1458 762 1497 emnprobabo.

155 1517 201 1547 Ac
224 1517 375 1557 primum.
404 1516 488 1557 quod
514 1517 687 1558 proferam⁴¹
717 1522 937 1558 argumentum
963 1518 1037 1549 inde
1062 1522 1182 1558 petam,
1211 1519 1295 1558 quml
1320 1519 1351 1549 in
1376 1519 1586 1554 Ausonianis,
1613 1530 1695 1559 quae

68 1577 217 1617 leguntur
248 1577 279 1607 in
305 1577 478 1615 Vossiano7
515 1587 610 1608 unum
641 1588 712 1609 esse
742 1588 868 1609 carmen
894 1578 1058 1609 ostendam
1083 1579 1223 1609 Ausonio
1247 1579 1373 1609 omnino
1397 1579 1562 1617 indignum
1588 1583 1619 1610 et
1643 1591 1698 1620 po-

68 1637 190 1668 steriori
215 1636 341 1667 demmn
367 1637 463 1668 aetati
489 1637 710 1676 tribuendum7
743 1638 814 1669 dico
840 1649 966 1669 carmen
991 1638 1165 1669 decimum.
1202 1639 1374 1670 orationem
1399 1639 1533 1670 Ausonii
1558 1640 1697 1671 consulis

68 1697 215 1728 versibus
240 1697 412 1737 rhopalicis
437 1698 659 1738 emiseriptam.
705 1698 788 1738 quod
813 1709 940 1729 carmen
964 1709 1154 1738 quamquam
1181 1709 1265 1730 nunc
1288 1710 1307 1730 a
1325 1700 1457 1740 I'eipcro
1475 1703 1506 1730 et
1522 1699 1697 1730 Brandcsio

68 1757 241 1795 genuinum
273 1768 343 1788 esse
377 1761 520 1798 putatur7
556 1762 661 1790 tamen
694 1769 801 1789 mrum
834 1760 917 1790 malo
947 1759 1123 1790 sententiae
1153 1759 1323 1797 accedere,
1359 1760 1410 1799 qui
1435 1760 1467 1790 id
1492 1760 1531 1790 ab
1557 1760 1697 1790 Ausonio

68 1818 163 1858 plane
187 1817 460 1848 abiudicm'erunt.
505 1819 623 1858 primus
648 1819 746 1858 igitur
769 1819 826 1849 ltoc
850 1819 890 1849 de
914 1819 1052 1850 carmine
1076 1819 1130 1850 illo
1155 1819 1226 1850 tulit
1249 1819 1400 1850 iudicium
1420 1820 1574 1859 scaliger,
1604 1830 1696 1860 quem

69 1877 167 1908 secuti
199 1881 311 1918 postea
343 1878 481 1909 editores
511 1878 543 1909 id
573 1889 611 1909 ex
642 1879 804 1919 opusculis
834 1879 1024 1910 Ausonianis
1055 1880 1228 1910 eiecerunt.
1278 1880 1428 1910 Heinsius
1459 1890 1529 1911 cum
1562 1880 1695 1920 primum

71 1937 148 1977 legit
172 1937 230 1968 hoc
254 1947 397 1969 carmen.
427 1948 484 1969 suo
509 1949 593 1970 more
618 1938 649 1969 id
674 1939 844 1970 emendare
868 1943 999 1971 conatus
1023 1942 1136 1979 est1‘2y7
1165 1940 1222 1971 sed
1247 1950 1308 1980 quo
1332 1940 1436 1971 minus
1460 1943 1558 1971 totum
1583 1940 1695 1971 eodem

68 1998 158 2028 modo
182 2001 343 2030 tractaret.
372 1998 541 2029 deterritus
565 2009 635 2029 esse
660 1999 786 2030 videtur
808 1999 948 2030 immani.
977 2010 1059 2039 quae
1080 2011 1140 2030 non
1162 2000 1273 2040 paucis
1292 2000 1368 2031 locis
1386 2000 1416 2030 in
1434 2011 1471 2031 eo
1488 2000 1691 2041 conspicitur.

68 2058 225 2089 barbarie.
272 2058 356 2089 adde
380 2058 464 2098 quod
492 2059 526 2088 L.
555 2059 728 2090 Muellerus
752 2059 791 2090 de
816 2070 848 2091 re
873 2065 962 2091 metr.
990 2071 1021 2101 p.
1049 2062 1109 2090 >lo-2
1135 2071 1262 2091 carmen
1286 2060 1367 2091 illud
1400 2061 1527 2091 t'oedum
1559 2064 1590 2091 ct
1622 2061 1695 2091 bar-

67 2118 176 2148 barum
208 2118 313 2149 dicere
344 2129 404 2149 non
436 2118 605 2150 dubitavit.
655 2124 684 2150 et
713 2119 868 2160 profecto,
903 2120 963 2151 etsi
988 2120 1122 2151 sortasse
1147 2121 1313 2161 mntigerit
1336 2120 1467 2151 feliciori
1494 2121 1621 2152 cuidam
1648 2121 1695 2151 in—

71 2178 164 2217 genio
187 2178 269 2209 tales
293 2179 490 2219 corruptelas
514 2189 637 2217 sanare
667 2180 779 2219 quales
802 2180 909 2210 insunt
932 2180 964 2211 in
988 2190 1039 2211 vv.
1068 2183 1107 2211 :53
1132 2185 1163 2211 ct
1188 2183 1238 2220 3-1,
1266 2185 1372 2212 tamen
1397 2191 1457 2212 non
1482 2181 1644 2221 absterget
1668 2181 1694 2212 is

66 2237 175 2269 sordes
206 2238 279 2269 illas
310 2242 405 2278 atque
436 2239 595 2277 illuviem7
631 2249 712 2279 quae
744 2243 827 2271 certe
859 2250 920 2270 non
950 2240 1147 2271 extrinsecus
1172 2241 1298 2272 illatae.
1335 2241 1391 2271 sed
1416 2241 1542 2271 omnino
1567 2241 1694 2272 nativae

66 2300 147 2328 sunt.
196 2308 258 2328 non
283 2298 366 2329 enim
393 2299 495 2339 loqui.
531 2300 588 2330 sed
613 2299 769 2331 balbutire
795 2300 920 2331 videtur
944 2304 1038 2341 poeta
1062 2301 1092 2331 in
1118 2301 1175 2331 boe
1200 2301 1356 2333 carmine.
1392 2301 1418 2331 si
1443 2301 1535 2332 modo
1560 2301 1612 2340 qui
1638 2301 1693 2332 tali

66 2362 190 2388 ornetur
221 2358 346 2389 nomine
377 2369 447 2390 cum
479 2359 609 2400 dignum
640 2370 710 2391 esse
742 2370 866 2391 censes.
914 2365 1009 2400 atque
1043 2364 1076 2391 ut
1107 2362 1278 2392 concedam
1311 2361 1450 2392 dandum
1476 2371 1547 2392 esse
1571 2362 1693 2401 aliquid

65 2417 253 2449 artificiosae
284 2419 433 2449 carminis
464 2420 722 2459 conformationi7
756 2424 861 2451 tamen
894 2424 983 2451 tanta
1014 2421 1043 2451 in
1069 2431 1106 2451 eo
1131 2425 1178 2452 cst
1202 2421 1395 2459 obscuritas7
1431 2425 1493 2451 tam
1518 2421 1691 2452 absurdum

65 2488 102 2507 ac
125 2481 296 2508 contortum
322 2478 448 2510 dicendi
473 2490 585 2519 genus.
613 2484 645 2510 111
670 2491 689 2510 a
713 2480 849 2520 simplici
874 2480 930 2511 illa
954 2485 984 2511 et
1008 2481 1118 2515 nitida,
1146 2492 1208 2521 qua
1234 2481 1330 2512 utitur
1353 2481 1522 2512 Ausonius.
1551 2481 1692 2512 oratione

67 2537 177 2567 mirum
209 2542 359 2576 quantum
391 2539 572 2570 abhorreat.
620 2539 756 2579 denique
789 2544 821 2570 111
852 2540 945 2571 fuerit
970 2541 1130 2571 Ausonius
1154 2542 1377 2572 vocabulorum
1404 2544 1550 2575 novator*
1586 2545 1691 2573 tamen

65 2596 96 2626 in
129 2597 186 2627 hoe
218 2598 374 2637 carmine7
409 2599 466 2630 etsi
499 2609 581 2639 quae
614 2603 661 2631 cst
692 2600 760 2631 eius
791 2601 976 2641 compositio
1008 2602 1143 2641 quodam
1176 2601 1268 2632 modo
1297 2601 1339 2632 ad
1363 2601 1519 2632 vocabula
1543 2602 1691 2633 novanda

66 2660 159 2696 poeta
192 2659 437 2697 provocabatur,
476 2659 574 2690 nimia
608 2660 800 2700 conspicitur
833 2661 864 2691 in
896 2671 935 2691 ea
964 2671 997 2692 re
1029 2661 1172 2692 sollertia
1203 2665 1299 2700 atque
1329 2661 1411 2692 adeo
1440 2661 1619 2692 temeritas
1660 2666 1691 2692 ut

151 2786 189 2813 :523
213 2787 236 2808 in
257 2789 391 2817 exemplari
412 2790 527 2811 editionis
550 2790 731 2818 longuinus-nsi>⁴
756 2791 827 2811 cuins
848 2798 921 2819 supra
943 2792 1095 2813 mentionem
1117 2792 1175 2813 teci:
1199 2792 1228 2814 1-1,
1252 2792 1307 2813 adn.
1332 2793 1356 2814 ἱ).

1711 1517 1794 1529 *armen
1812 1512 1906 1535 iliopali-

1711 1543 1756 1555 1-11111
1773 1538 1809 1557 ‹Xt
