2034 3037
791 184 1019 210 PROOEMIVM.
1630 183 1715 214 LVII

95 296 255 328 adfuerint
278 305 394 335 neene⁷
428 295 607 335 ignoratur.
641 296 789 335 quoniam
814 300 963 337 excerpta
986 305 1068 336 quae
1093 296 1159 327 sola
1184 299 1354 337 supersunt
1377 294 1419 325 ad
1449 305 1505 325 eas
1528 298 1633 335 partes
1656 305 1716 325 non

98 356 295 398 perveniunt.

184 424 304 456 Classis
322 424 400 455 baec
425 424 493 455 sola
517 427 624 454 contra
649 424 786 464 reliquos
811 424 1043 456 eonsentientes
1060 434 1169 455 verum
1194 424 1372 455 servavisse
1397 434 1457 454 non
1475 423 1617 454 videtur:
1645 434 1717 454 nam

99 485 152 525 qui
177 488 349 525 sequuntur
372 484 432 515 loci
457 484 498 515 ad
521 484 552 515 id
577 483 858 516 demonstrandum
883 495 994 526 parum
1019 484 1198 515 sufficiunt:

227 564 256 595 p.
284 555 334 584 72.
368 555 402 583 15
427 553 547 593 gothile
574 555 624 582 OB
665 552 830 595 Κοθήλας.
858 553 982 594 gudila
1000 564 1016 585 e
1043 555 1225 590 IIPI'LXYZ,
1254 552 1363 591 gradile
1389 553 1409 582 ,1

268 607 336 636 119.
370 607 404 635 19
429 606 642 643 zii·}eJ11e1·1iate
669 607 729 636 OB.
758 610 945 646 preuernate
969 606 1144 634 .w'1111'l1't‹¹1>‹·‹2
1168 606 1344 634 le'mrl

100 678 207 705 eontra
232 674 369 714 reliquos
394 673 619 704 dissentientes
644 683 752 705 verum
777 674 933 706 servavit:

228 753 259 784 p.
287 744 337 774 79.
370 744 403 772 15
429 742 545 782 degere
571 742 660 775 ,10112
689 742 805 774 dedere
832 745 943 774 IIPI'L.
972 743 1083 774 decore
1109 744 1181 772 XYZ

186 811 309 848 Quibus
334 811 413 842 locis
438 811 469 841 in
493 811 653 842 emm-ibus·
677 811 790 842 classis
813 812 913 853 prima
931 816 962 843 et
978 810 1117 843 secunda
1136 811 1344 842 consentiant.
1372 810 1412 841 ad
1430 811 1554 842 tertiam
1572 811 1721 852 exposui-

101 882 170 902 mus
192 873 231 912 lp.
252 871 366 911 LXII„
408 871 460 902 ubi
484 871 687 903 consentiunt
710 871 741 902 in
765 882 868 904 errore
885 872 1011 903 codices
1027 871 1155 912 quidam
1174 871 1287 902 classis
1313 871 1433 912 primae
1451 876 1480 902 ct
1498 871 1667 903 secundae.
1691 876 1722 903 ut

102 931 207 963 evenit
230 931 307 962 locis
331 931 395 962 his:

231 1011 260 1041 p.
289 1001 338 1035 Sl.
368 1001 385 1030 3
409 1009 503 1040 aegre
528 1000 666 1032 ferentes
691 1012 746 1031 om.
768 1003 845 1031 LOB

288 1053 339 1089 SS.
370 1054 380 1082 1
411 1061 454 1083 Lx
479 1053 588 1083 annos
620 1054 811 1084 ΙΙΙ)1Ἰ,,1()Χ.
839 1053 871 1084 xl
895 1063 994 1083 annos
1018 1055 1073 1083 ΒΥ

367 1104 384 1134 S
409 1103 649 1144 Golthescytha
682 1104 805 1136 l’l'bLl'.
836 1104 1047 1145 gothescytlra
1073 1106 1197 1136 llI'wR

101 1172 133 1203 id
158 1172 226 1203 sine
250 1171 346 1203 dubio
369 1182 455 1203 mero
479 1183 554 1204 casu
579 1172 704 1204 accidit.

187 1241 235 1272 Ab
259 1240 501 1281 interpolatione
525 1241 733 1281 grammatica
758 1241 904 1282 princeps
929 1242 1022 1272 buius
1048 1241 1189 1273 familiae
1214 1242 1364 1273 immunis
1389 1242 1484 1273 suerit
1508 1251 1639 1273 necesse
1663 1246 1720 1280 est,

102 1311 172 1332 eum
203 1311 241 1332 ex
270 1301 359 1332 libris
382 1311 461 1341 quos
485 1301 639 1332 babemus
664 1302 909 1333 ottobonianum
934 1306 1017 1333 certe
1042 1312 1078 1333 ea
1103 1302 1158 1333 vix
1182 1303 1339 1342 attigerit:
1375 1303 1451 1333 alibi
1476 1306 1581 1334 auten]
1606 1306 1724 1334 temere

103 1361 286 1392 immutatus
310 1361 377 1392 fult.
406 1365 439 1393 ut
462 1363 562 1403 ]1,78.
585 1364 620 1393 15
645 1363 782 1392 borbum
808 1364 910 1403 libyus!
936 1363 1139 1394 substitution
1165 1367 1212 1394 est
1237 1373 1293 1404 pro
1315 1366 1429 1404 patrm.

188 1430 253 1461 Iam
279 1429 468 1471 singillatim
491 1434 590 1462 testes
614 1431 874 1462 recensebantur.

188 1499 322 1531 PAVLx's
347 1508 516 1530 Dmcoxvs
540 1499 691 1531 historiae
716 1501 892 1532 Romanae.
928 1511 1022 1541 quam
1051 1500 1177 1542 scripsit
1201 1505 1273 1532 ante
1298 1511 1329 1532 a.
1351 1502 1420 1531 77⁷1.
1455 1511 1494 1532 ex
1518 1501 1661 1532 Iordanis
1685 1501 1724 1532 li-

104 1559 188 1591 bello
212 1563 343 1599 utroque
367 1564 515 1601 excerpta
540 1560 703 1601 complura
727 1561 868 1592 inseruit.
897 1571 996 1602 pauca
1022 1561 1137 1592 deinde
1158 1561 1307 1592 historiae
1325 1561 1617 1601 Langobardorum.
1644 1572 1725 1602 quae

101 1623 234 1659 utraque
259 1630 316 1651 nos
333 1620 365 1651 in
382 1620 529 1651 editionis
548 1620 690 1661 margine
707 1621 854 1652 inferiore
870 1621 1092 1652 indicavimus.
1135 1621 1218 1652 Flori
1243 1621 1329 1652 locos
1353 1625 1385 1653 ut
1402 1621 1554 1653 Iordanes
1576 1622 1654 1663 ipse.
1682 1622 1727 1654 ita

101 1680 197 1711 etiam
221 1680 407 1721 compilator
430 1680 498 1711 eius
522 1684 651 1722 propter
681 1681 947 1722 pult-lnitudinem
980 1682 1108 1723 saepius
1139 1681 1179 1712 ad
1209 1682 1339 1712 verbum
1372 1681 1524 1713 reddidit:
1559 1686 1725 1723 praeterea

102 1750 176 1772 vero
194 1741 325 1771 Paulum
351 1751 453 1780 neque
478 1741 619 1782 ineptum
644 1741 803 1772 hominem
827 1752 930 1782 neque
954 1742 1114 1773 indoctum
1140 1752 1209 1773 cum
1234 1752 1433 1782 nequaquam
1458 1742 1582 1783 fugeret
1602 1743 1642 1774 ab
1660 1743 1726 1774 Ior-

103 1800 185 1832 dane
210 1801 348 1842 pessime
372 1811 422 1832 res
446 1800 578 1832 narrali.
606 1801 691 1842 apud
716 1811 786 1832 enm
813 1802 941 1833 inventa
964 1802 997 1833 in
1022 1802 1152 1833 formam
1170 1802 1273 1843 magis
1289 1807 1395 1844 aptam
1413 1802 1547 1843 redegit.
1575 1803 1664 1834 euius
1681 1803 1725 1834 rei

103 1861 254 1901 optimum
279 1861 458 1902 exemplum
479 1861 663 1902 suppeditat
679 1862 859 1893 Geticorum
878 1867 973 1904 caput
989 1865 1040 1893 57.
1083 1863 1125 1894 ibi
1142 1873 1212 1894 cum
1229 1863 1380 1894 Iordanes
1400 1863 1537 1894 breviter
1561 1868 1591 1895 et
1615 1874 1726 1905 parum

104 1921 254 1952 concinne
278 1926 417 1962 exponat
440 1922 671 1953 Theodelicum
696 1922 727 1953 in
753 1923 828 1954 urbe
846 1923 1118 1964 Constantinopoli
1142 1923 1232 1955 bonis
1255 1924 1400 1955 omnibus
1417 1924 1477 1955 frui
1495 1924 1642 1965 potuisse.
1671 1924 1726 1956 sed

103 1991 177 2012 suos
201 1991 270 2012 cum
294 1981 326 2012 in
351 1982 478 2023 Illyn'eo
501 1993 563 2014 non
588 1983 706 2024 optime
730 1983 836 2015 vivere
859 1983 1081 2023 intellexisset7
1110 1984 1141 2015 in
1165 1984 1292 2015 Italiam
1316 1994 1422 2016 secum
1440 1984 1580 2015 duxisse.
1608 1985 1726 2016 Paulus

111 2042 169 2081 J157
195 2042 239 2072 1⁴³
261 2041 336 2073 inde
360 2042 465 2074 effecit
487 2043 699 2075 narrationem
718 2043 813 2084 plane
830 2048 992 2085 argutam:
1027 2044 1117 2075 ·dum
1134 2044 1353 2076 lmiuscemmli
1370 2045 1587 2076 Theodoricus
1604 2044 1726 2076 deliciis

109 2101 210 2143 ·apud
227 2102 534 2144 C‹;›nstantin0polin1
559 2103 714 2143 afflueret,
742 2114 822 2144 gens
845 2104 944 2136 illius.
972 2104 1004 2136 id
1028 2108 1076 2136 est
1092 2104 1314 2146 Ostrogothae,
1342 2104 1415 2136 dum
1440 2105 1486 2136 eis
1510 2108 1639 2146 propter
1654 2105 1727 2137 fidei

109 2162 320 2194 ‘sanctionem
345 2163 482 2204 praedas
506 2173 601 2204 agere
626 2175 711 2196 more
728 2165 819 2196 solito
843 2175 904 2196 non
929 2165 1037 2196 liceret
1061 2175 1118 2197 nee
1143 2169 1249 2197 tamen
1272 2165 1312 2196 ab
1336 2165 1525 2207 imperatore
1542 2165 1650 2197 oblata
1671 2166 1727 2197 sti-

109 2222 246 2263 ·pendia
273 2223 419 2254 sufficere
442 2228 588 2265 possent.
624 2234 756 2266 coepere
781 2235 842 2256 non
866 2225 1027 2256 minimam
1053 2226 1206 2266 egestatis
1230 2226 1393 2267 penuriam
1422 2225 1505 2267 pati:
1540 2230 1729 2258 execrantur

109 2282 237 2314 ‘foedus
261 2284 483 2324 compositum.
511 2284 693 2326 xituperant
715 2285 859 2317 inutilem
884 2286 1072 2326 pactionem.
1102 2286 1291 2327 mittuntque
1315 2286 1461 2318 continuo
1485 2285 1527 2317 ad
1550 2286 1728 2318 Theodori—

108 2345 197 2374 ‘eum
221 2343 274 2383 qui
298 2343 454 2375 dicerent.
488 2354 584 2384 quas.
620 2344 694 2376 dum
723 2345 791 2386 ipse
815 2345 1009 2377 Graecorum
1041 2346 1143 2387 epulis
1173 2346 1398 2387 superflueret.
1426 2347 1552 2388 inopiae
1583 2347 1727 2377 miserias

110 2403 333 2435 ‘sustinerent'
359 2408 390 2435 et
413 2414 495 2444 quae
517 2390 704 2445 sequuntur.
747 2406 892 2438 similiter
915 2407 1023 2447 paullo
1048 2410 1119 2447 post
1142 2407 1195 2438 ubi
1219 2407 1327 2438 scribit
1351 2408 1512 2438 Zenonem
1531 2407 1726 2438 Theoderico

106 2463 232 2494 ltaliam
250 2463 379 2496 dedisse
401 2475 472 2505 ·per
495 2466 739 2506 pragmaticum'
780 2466 875 2507 plane
900 2470 933 2497 ut
956 2467 987 2497 in
1012 2467 1086 2498 hist.
1106 2467 1208 2508 Lang.
1232 2468 1259 2500 2.
1285 2469 1322 2498 12
1343 2468 1457 2498 Alboin
1483 2468 1631 2509 episcopo
1649 2469 1727 2498 Tar-

105 2523 207 2555 visino
228 2524 309 2555 bona
333 2525 489 2556 ecelesiae
514 2525 677 2556 confirmat
704 2527 776 2566 ‘per
799 2536 889 2557 suum
914 2527 1165 2567 pragmaticum*
1195 2527 1292 2558 *sacri
1311 2527 1405 2559 etiam
1427 2528 1596 2559 velaminis
1617 2528 1724 2559 dono'.

106 2587 214 2624 aperte
249 2594 326 2615 suae
356 2585 471 2616 aetatis
503 2585 660 2617 coloribus
690 2586 839 2617 traditam
870 2587 1081 2618 narrationem
1111 2587 1242 2619 adiuvit.
1293 2588 1341 2619 his
1369 2588 1589 2628 similibusque
1613 2592 1648 2619 ut
1670 2588 1728 2619 ab-

106 2647 254 2683 uteretur.
283 2644 336 2683 qui
356 2645 489 2676 Paulum
509 2645 573 2676 alia
590 2650 732 2678 secutum
756 2656 826 2678 esse
851 2651 1003 2678 statueret
1019 2657 1113 2687 quam
1136 2648 1207 2689 ipsa
1232 2658 1312 2688 quae
1344 2648 1498 2679 babemus
1523 2648 1723 2680 Iordaniana.

107 2703 152 2735 ita
174 2703 248 2735 aliis
272 2704 359 2736 loeis.
389 2709 421 2736 ut
444 2705 476 2736 in
500 2707 680 2737 narratione
705 2706 743 2737 de
768 2707 915 2747 Aquileia
940 2707 979 2738 ab
1003 2707 1102 2739 Attila
1126 2708 1256 2739 obsessa
1286 2710 1332 2741 14.
1357 2710 1386 2744 9,
1415 2714 1542 2750 praeter
1561 2709 1726 2740 Iordanem

107 2763 266 2795 diversum
284 2774 417 2805 eumque
435 2765 632 2806 ‹leperditmu
658 2771 816 2797 auctorem
841 2766 997 2798 adhibuit.
1030 2777 1112 2807 quae
1137 2768 1340 2808 investigatio
1364 2778 1434 2799 eum
1458 2769 1528 2810 ipsa
1552 2779 1614 2800 non
1635 2769 1727 2800 huius

107 2823 165 2855 loei
191 2824 241 2858 sit,
268 2823 341 2856 inde
366 2825 543 2866 explicatur
566 2830 782 2866 excerptorum
809 2827 1009 2858 l'aulinorum
1034 2828 1075 2859 ad
1099 2828 1194 2859 verba
1219 2828 1365 2859 Iordanis
1389 2829 1589 2860 emendanda
1613 2829 1728 2868 exigua

186 2883 304 2903 lonmsrzs.
1501 2889 1517 2914 h

1740 1509 1849 1534 lix-*erma
1861 1509 1922 1529 Pauli
